<?xml version="1.0" encoding="UTF-8"?>
<!DOCTYPE html PUBLIC "-//W3C//DTD XHTML 1.0 Transitional//EN"
    "http://www.w3.org/TR/xhtml1/DTD/xhtml1-transitional.dtd">
<html xmlns="http://www.w3.org/1999/xhtml" xml:lang="en" lang="en">
 <head>
  <title>
</title>
<meta http-equiv="Content-Type" content="text/html;charset=utf-8" />
  <meta name='ocr-system' content='tesseract 3.04.00' />
  <meta name='ocr-capabilities' content='ocr_page ocr_carea ocr_par ocr_line ocrx_word'/>
</head>
<body>
  <div class='ocr_page' id='page_1' title='image "./sanctissimidomi01xiiigoog_0034.png"; bbox 0 0 3296 4886; ppageno 0'>
   <div class='ocr_carea' id='block_1_1' title="bbox 312 289 1265 383">
    <p class='ocr_par' dir='ltr' id='par_1_1' title="bbox 312 289 1265 383">
     <span class='ocr_line' id='line_1_1' title="bbox 312 289 1265 383; baseline -0.006 -15"><span class='ocrx_word' id='word_1_1' title='bbox 312 317 502 370; x_wconf 76' lang='lat' dir='ltr'><strong>urrunnu</strong></span> <span class='ocrx_word' id='word_1_2' title='bbox 528 315 787 368; x_wconf 73' lang='lat' dir='ltr'><strong>apostoncae</strong></span> <span class='ocrx_word' id='word_1_3' title='bbox 812 299 833 330; x_wconf 76' lang='lat'><strong>‘⁸</strong></span> <span class='ocrx_word' id='word_1_4' title='bbox 853 312 1067 366; x_wconf 69' lang='lat' dir='ltr'><strong>sansures</strong></span> <span class='ocrx_word' id='word_1_5' title='bbox 1079 289 1108 362; x_wconf 84' lang='lat'><strong>’&#39;.</strong></span> <span class='ocrx_word' id='word_1_6' title='bbox 1220 309 1265 383; x_wconf 86' lang='lat'><strong>25</strong></span> 
     </span>
    </p>
   </div>
   <div class='ocr_carea' id='block_1_2' title="bbox 148 464 1451 4396">
    <p class='ocr_par' dir='ltr' id='par_1_2' title="bbox 154 464 1446 1262">
     <span class='ocr_line' id='line_1_2' title="bbox 155 464 1386 573; baseline -0.008 -38"><span class='ocrx_word' id='word_1_7' title='bbox 155 471 284 535; x_wconf 89' lang='lat' dir='ltr'><strong>Nostra</strong></span> <span class='ocrx_word' id='word_1_8' title='bbox 299 468 501 554; x_wconf 86' lang='lat' dir='ltr'><strong>Apostolica</strong></span> <span class='ocrx_word' id='word_1_9' title='bbox 517 469 560 534; x_wconf 89' lang='lat' dir='ltr'><strong>ad</strong></span> <span class='ocrx_word' id='word_1_10' title='bbox 578 469 737 534; x_wconf 87' lang='lat' dir='ltr'><strong>maiorem</strong></span> <span class='ocrx_word' id='word_1_11' title='bbox 755 467 820 532; x_wconf 87' lang='lat' dir='ltr'><strong>Dei</strong></span> <span class='ocrx_word' id='word_1_12' title='bbox 837 466 988 550; x_wconf 85' lang='lat' dir='ltr'><strong>gloriam,</strong></span> <span class='ocrx_word' id='word_1_13' title='bbox 1015 465 1058 530; x_wconf 89' lang='lat' dir='ltr'><strong>ad</strong></span> <span class='ocrx_word' id='word_1_14' title='bbox 1083 464 1267 528; x_wconf 90' lang='lat' dir='ltr'><strong>incremen·</strong></span> <span class='ocrx_word' id='word_1_15' title='bbox 1331 485 1386 573; x_wconf 60' lang='lat' dir='ltr'><strong>Nae</strong></span> 
     </span>
     <span class='ocr_line' id='line_1_3' title="bbox 154 532 1407 656; baseline -0.002 -18"><span class='ocrx_word' id='word_1_16' title='bbox 154 581 228 638; x_wconf 90' lang='lat' dir='ltr'><strong>tum</strong></span> <span class='ocrx_word' id='word_1_17' title='bbox 244 572 433 638; x_wconf 87' lang='lat' dir='ltr'><strong>catholicae</strong></span> <span class='ocrx_word' id='word_1_18' title='bbox 449 574 538 656; x_wconf 90' lang='lat' dir='ltr'><strong>apud</strong></span> <span class='ocrx_word' id='word_1_19' title='bbox 562 571 701 637; x_wconf 88' lang='lat' dir='ltr'><strong>orientis</strong></span> <span class='ocrx_word' id='word_1_20' title='bbox 726 573 869 656; x_wconf 90' lang='lat' dir='ltr'><strong>populos</strong></span> <span class='ocrx_word' id='word_1_21' title='bbox 897 569 1076 653; x_wconf 79' lang='lat' dir='ltr'><strong>religionis,</strong></span> <span class='ocrx_word' id='word_1_22' title='bbox 1101 569 1143 633; x_wconf 90' lang='lat' dir='ltr'><strong>ad</strong></span> <span class='ocrx_word' id='word_1_23' title='bbox 1166 568 1268 632; x_wconf 90' lang='lat' dir='ltr'><strong>decus</strong></span> <span class='ocrx_word' id='word_1_24' title='bbox 1333 532 1407 650; x_wconf 38' lang='lat'><em>18⁰9?</em></span> 
     </span>
     <span class='ocr_line' id='line_1_4' title="bbox 155 673 1446 766; baseline -0.009 -20"><span class='ocrx_word' id='word_1_25' title='bbox 155 680 406 764; x_wconf 85' lang='lat' dir='ltr'><strong>utilitatemque</strong></span> <span class='ocrx_word' id='word_1_26' title='bbox 422 679 645 744; x_wconf 88' lang='lat' dir='ltr'><strong>Maroniticae</strong></span> <span class='ocrx_word' id='word_1_27' title='bbox 659 677 815 756; x_wconf 85' lang='lat' dir='ltr'><strong>nationis,</strong></span> <span class='ocrx_word' id='word_1_28' title='bbox 831 676 1020 758; x_wconf 84' lang='lat' dir='ltr'><strong>Collegium</strong></span> <span class='ocrx_word' id='word_1_29' title='bbox 1038 675 1071 738; x_wconf 91' lang='lat' dir='ltr'><strong>in</strong></span> <span class='ocrx_word' id='word_1_30' title='bbox 1099 675 1162 738; x_wconf 91' lang='lat' dir='ltr'><strong>hac</strong></span> <span class='ocrx_word' id='word_1_31' title='bbox 1178 673 1268 736; x_wconf 88' lang='lat' dir='ltr'><strong>alma</strong></span> <span class='ocrx_word' id='word_1_32' title='bbox 1320 700 1446 766; x_wconf 74' lang='lat' dir='ltr'><strong>Suprema</strong></span> 
     </span>
     <span class='ocr_line' id='line_1_5' title="bbox 158 775 1445 882; baseline -0.009 -33"><span class='ocrx_word' id='word_1_33' title='bbox 158 784 240 849; x_wconf 86' lang='lat' dir='ltr'><strong>urbe</strong></span> <span class='ocrx_word' id='word_1_34' title='bbox 254 782 383 847; x_wconf 85' lang='lat' dir='ltr'><strong>clericis</strong></span> <span class='ocrx_word' id='word_1_35' title='bbox 400 781 610 848; x_wconf 89' lang='lat' dir='ltr'><strong>Maroniticis</strong></span> <span class='ocrx_word' id='word_1_36' title='bbox 621 781 836 846; x_wconf 90' lang='lat' dir='ltr'><strong>instituendis</strong></span> <span class='ocrx_word' id='word_1_37' title='bbox 862 780 1098 856; x_wconf 87' lang='lat' dir='ltr'><strong>instauramus,</strong></span> <span class='ocrx_word' id='word_1_38' title='bbox 1123 775 1268 840; x_wconf 92' lang='lat' dir='ltr'><strong>restitui·</strong></span> <span class='ocrx_word' id='word_1_39' title='bbox 1293 775 1445 882; x_wconf 45' lang='lat' dir='ltr'><strong>ziam</strong></span> 
     </span>
     <span class='ocr_line' id='line_1_6' title="bbox 157 879 1440 967; baseline -0.003 -16"><span class='ocrx_word' id='word_1_40' title='bbox 157 905 233 951; x_wconf 91' lang='lat' dir='ltr'><strong>mus</strong></span> <span class='ocrx_word' id='word_1_41' title='bbox 243 905 283 949; x_wconf 90' lang='lat' dir='ltr'><strong>ac</strong></span> <span class='ocrx_word' id='word_1_42' title='bbox 294 884 408 949; x_wconf 90' lang='lat' dir='ltr'><strong>denuo</strong></span> <span class='ocrx_word' id='word_1_43' title='bbox 418 885 617 962; x_wconf 89' lang='lat' dir='ltr'><strong>excitamus,</strong></span> <span class='ocrx_word' id='word_1_44' title='bbox 629 883 672 947; x_wconf 92' lang='lat' dir='ltr'><strong>ad</strong></span> <span class='ocrx_word' id='word_1_45' title='bbox 684 881 775 966; x_wconf 91' lang='lat' dir='ltr'><strong>leges</strong></span> <span class='ocrx_word' id='word_1_46' title='bbox 785 902 872 967; x_wconf 89' lang='lat' dir='ltr'><strong>quae</strong></span> <span class='ocrx_word' id='word_1_47' title='bbox 888 879 973 946; x_wconf 82' lang='lat' dir='ltr'><strong>inira</strong></span> <span class='ocrx_word' id='word_1_48' title='bbox 985 881 1152 958; x_wconf 91' lang='lat' dir='ltr'><strong>dicuntur,</strong></span> <span class='ocrx_word' id='word_1_49' title='bbox 1162 879 1267 944; x_wconf 90' lang='lat' dir='ltr'><strong>idem·</strong></span> <span class='ocrx_word' id='word_1_50' title='bbox 1294 898 1440 947; x_wconf 66' lang='lat' dir='ltr'><strong>mmmm</strong></span> 
     </span>
     <span class='ocr_line' id='line_1_7' title="bbox 155 961 1423 1078; baseline -0.006 -22"><span class='ocrx_word' id='word_1_51' title='bbox 155 1010 225 1076; x_wconf 84' lang='lat' dir='ltr'><strong>que</strong></span> <span class='ocrx_word' id='word_1_52' title='bbox 241 989 430 1072; x_wconf 82' lang='lat' dir='ltr'><strong>Collegium</strong></span> <span class='ocrx_word' id='word_1_53' title='bbox 459 990 579 1054; x_wconf 90' lang='lat' dir='ltr'><strong>eodem</strong></span> <span class='ocrx_word' id='word_1_54' title='bbox 595 990 666 1053; x_wconf 92' lang='lat' dir='ltr'><strong>iure</strong></span> <span class='ocrx_word' id='word_1_55' title='bbox 681 1009 755 1053; x_wconf 91' lang='lat' dir='ltr'><strong>esse</strong></span> <span class='ocrx_word' id='word_1_56' title='bbox 770 986 935 1064; x_wconf 86' lang='lat' dir='ltr'><strong>volumus,</strong></span> <span class='ocrx_word' id='word_1_57' title='bbox 950 1007 1019 1070; x_wconf 90' lang='lat' dir='ltr'><strong>quo</strong></span> <span class='ocrx_word' id='word_1_58' title='bbox 1034 1005 1122 1067; x_wconf 92' lang='lat' dir='ltr'><strong>quae</strong></span> <span class='ocrx_word' id='word_1_59' title='bbox 1137 985 1269 1068; x_wconf 89' lang='lat' dir='ltr'><strong>optimo</strong></span> <span class='ocrx_word' id='word_1_60' title='bbox 1294 961 1423 1078; x_wconf 41' lang='lat' dir='ltr'><strong>{2²²5ssss</strong></span> 
     </span>
     <span class='ocr_line' id='line_1_8' title="bbox 155 1089 1417 1182; baseline -0.005 -22"><span class='ocrx_word' id='word_1_61' title='bbox 155 1107 191 1161; x_wconf 87' lang='lat' dir='ltr'><strong>et</strong></span> <span class='ocrx_word' id='word_1_62' title='bbox 220 1095 374 1180; x_wconf 88' lang='lat' dir='ltr'><strong>legitimo</strong></span> <span class='ocrx_word' id='word_1_63' title='bbox 401 1096 471 1159; x_wconf 86' lang='lat' dir='ltr'><strong>iure</strong></span> <span class='ocrx_word' id='word_1_64' title='bbox 502 1093 679 1159; x_wconf 91' lang='lat' dir='ltr'><strong>Pontificia</strong></span> <span class='ocrx_word' id='word_1_65' title='bbox 709 1092 904 1158; x_wconf 84' lang='lat' dir='ltr'><strong>clericorum</strong></span> <span class='ocrx_word' id='word_1_66' title='bbox 936 1089 1090 1174; x_wconf 87' lang='lat' dir='ltr'><strong>Collegia</strong></span> <span class='ocrx_word' id='word_1_67' title='bbox 1122 1090 1153 1152; x_wconf 89' lang='lat' dir='ltr'><strong>in</strong></span> <span class='ocrx_word' id='word_1_68' title='bbox 1187 1089 1269 1154; x_wconf 87' lang='lat' dir='ltr'><strong>urbe</strong></span> <span class='ocrx_word' id='word_1_69' title='bbox 1294 1093 1417 1182; x_wconf 53' lang='lat' dir='ltr'><strong>restitutit,</strong></span> 
     </span>
     <span class='ocr_line' id='line_1_9' title="bbox 154 1207 244 1262; baseline 0 0"><span class='ocrx_word' id='word_1_70' title='bbox 154 1207 244 1262; x_wconf 89' lang='lat' dir='ltr'><strong>sunt.</strong></span> 
     </span>
    </p>

    <p class='ocr_par' dir='ltr' id='par_1_3' title="bbox 154 1297 1267 1697">
     <span class='ocr_line' id='line_1_10' title="bbox 201 1297 1266 1385; baseline -0.006 -19"><span class='ocrx_word' id='word_1_71' title='bbox 201 1301 288 1366; x_wconf 87' lang='lat' dir='ltr'><strong>Cum</strong></span> <span class='ocrx_word' id='word_1_72' title='bbox 305 1321 406 1384; x_wconf 89' lang='lat' dir='ltr'><strong>porro</strong></span> <span class='ocrx_word' id='word_1_73' title='bbox 417 1302 567 1366; x_wconf 86' lang='lat' dir='ltr'><strong>maxime</strong></span> <span class='ocrx_word' id='word_1_74' title='bbox 583 1309 740 1385; x_wconf 91' lang='lat' dir='ltr'><strong>optemus</strong></span> <span class='ocrx_word' id='word_1_75' title='bbox 757 1310 793 1366; x_wconf 91' lang='lat' dir='ltr'><strong>ut</strong></span> <span class='ocrx_word' id='word_1_76' title='bbox 808 1302 873 1365; x_wconf 89' lang='lat' dir='ltr'><strong>hoc</strong></span> <span class='ocrx_word' id='word_1_77' title='bbox 892 1299 1137 1364; x_wconf 87' lang='lat' dir='ltr'><strong>Maronitarum</strong></span> <span class='ocrx_word' id='word_1_78' title='bbox 1155 1297 1266 1364; x_wconf 91' lang='lat' dir='ltr'><strong>Colle·</strong></span> 
     </span>
     <span class='ocr_line' id='line_1_11' title="bbox 154 1399 1267 1488; baseline -0.003 -21"><span class='ocrx_word' id='word_1_79' title='bbox 154 1404 250 1486; x_wconf 84' lang='lat' dir='ltr'><strong>glum</strong></span> <span class='ocrx_word' id='word_1_80' title='bbox 267 1405 310 1468; x_wconf 90' lang='lat' dir='ltr'><strong>ad</strong></span> <span class='ocrx_word' id='word_1_81' title='bbox 327 1414 473 1469; x_wconf 90' lang='lat' dir='ltr'><strong>veterem</strong></span> <span class='ocrx_word' id='word_1_82' title='bbox 490 1404 690 1488; x_wconf 87' lang='lat' dir='ltr'><strong>dignitatem</strong></span> <span class='ocrx_word' id='word_1_83' title='bbox 707 1413 742 1474; x_wconf 87' lang='lat' dir='ltr'><strong>et</strong></span> <span class='ocrx_word' id='word_1_84' title='bbox 757 1404 860 1467; x_wconf 92' lang='lat' dir='ltr'><strong>decus</strong></span> <span class='ocrx_word' id='word_1_85' title='bbox 876 1411 1040 1486; x_wconf 85' lang='lat' dir='ltr'><strong>assurgat,</strong></span> <span class='ocrx_word' id='word_1_86' title='bbox 1066 1399 1267 1466; x_wconf 87' lang='lat' dir='ltr'><strong>confidimus</strong></span> 
     </span>
     <span class='ocr_line' id='line_1_12' title="bbox 154 1507 1267 1592; baseline -0.001 -22"><span class='ocrx_word' id='word_1_87' title='bbox 154 1507 329 1573; x_wconf 83' lang='lat' dir='ltr'><strong>studiosae</strong></span> <span class='ocrx_word' id='word_1_88' title='bbox 344 1507 490 1573; x_wconf 88' lang='lat' dir='ltr'><strong>Nostrae</strong></span> <span class='ocrx_word' id='word_1_89' title='bbox 500 1508 533 1572; x_wconf 91' lang='lat' dir='ltr'><strong>in</strong></span> <span class='ocrx_word' id='word_1_90' title='bbox 550 1509 660 1592; x_wconf 87' lang='lat' dir='ltr'><strong>ipsum</strong></span> <span class='ocrx_word' id='word_1_91' title='bbox 688 1508 853 1573; x_wconf 90' lang='lat' dir='ltr'><strong>voluntati</strong></span> <span class='ocrx_word' id='word_1_92' title='bbox 869 1508 987 1572; x_wconf 89' lang='lat' dir='ltr'><strong>uberes</strong></span> <span class='ocrx_word' id='word_1_93' title='bbox 1003 1507 1216 1572; x_wconf 88' lang='lat' dir='ltr'><strong>alumnorum</strong></span> <span class='ocrx_word' id='word_1_94' title='bbox 1233 1507 1267 1570; x_wconf 94' lang='lat' dir='ltr'><strong>in</strong></span> 
     </span>
     <span class='ocr_line' id='line_1_13' title="bbox 155 1612 1114 1697; baseline 0 -21"><span class='ocrx_word' id='word_1_95' title='bbox 155 1612 280 1676; x_wconf 81' lang='lat' dir='ltr'><strong>virtute</strong></span> <span class='ocrx_word' id='word_1_96' title='bbox 295 1621 331 1676; x_wconf 87' lang='lat' dir='ltr'><strong>et</strong></span> <span class='ocrx_word' id='word_1_97' title='bbox 346 1613 500 1677; x_wconf 90' lang='lat' dir='ltr'><strong>doctrina</strong></span> <span class='ocrx_word' id='word_1_98' title='bbox 515 1631 711 1697; x_wconf 86' lang='lat' dir='ltr'><strong>progressus</strong></span> <span class='ocrx_word' id='word_1_99' title='bbox 724 1612 872 1677; x_wconf 87' lang='lat' dir='ltr'><strong>vicissim</strong></span> <span class='ocrx_word' id='word_1_100' title='bbox 889 1631 1114 1695; x_wconf 87' lang='lat' dir='ltr'><strong>responsuros.</strong></span> 
     </span>
    </p>

    <p class='ocr_par' dir='ltr' id='par_1_4' title="bbox 152 1711 1451 2112">
     <span class='ocr_line' id='line_1_14' title="bbox 199 1711 1451 1800; baseline -0.007 -19"><span class='ocrx_word' id='word_1_101' title='bbox 199 1713 390 1798; x_wconf 87' lang='lat' dir='ltr'><strong>Collegium</strong></span> <span class='ocrx_word' id='word_1_102' title='bbox 407 1717 522 1800; x_wconf 89' lang='lat' dir='ltr'><strong>itaque</strong></span> <span class='ocrx_word' id='word_1_103' title='bbox 538 1717 647 1798; x_wconf 88' lang='lat' dir='ltr'><strong>ipsum</strong></span> <span class='ocrx_word' id='word_1_104' title='bbox 669 1716 702 1780; x_wconf 90' lang='lat' dir='ltr'><strong>in</strong></span> <span class='ocrx_word' id='word_1_105' title='bbox 719 1716 847 1780; x_wconf 89' lang='lat' dir='ltr'><strong>ditione</strong></span> <span class='ocrx_word' id='word_1_106' title='bbox 873 1725 907 1779; x_wconf 92' lang='lat' dir='ltr'><strong>et</strong></span> <span class='ocrx_word' id='word_1_107' title='bbox 932 1723 1100 1799; x_wconf 87' lang='lat' dir='ltr'><strong>potestate</strong></span> <span class='ocrx_word' id='word_1_108' title='bbox 1128 1711 1267 1780; x_wconf 91' lang='lat' dir='ltr'><strong>Consilii</strong></span> <span class='ocrx_word' id='word_1_109' title='bbox 1293 1721 1451 1790; x_wconf 61' lang='lat' dir='ltr'><strong>lagesdefinit</strong></span> 
     </span>
     <span class='ocr_line' id='line_1_15' title="bbox 154 1790 1447 1905; baseline -0.003 -20"><span class='ocrx_word' id='word_1_110' title='bbox 154 1820 275 1885; x_wconf 91' lang='lat' dir='ltr'><strong>Nostri</strong></span> <span class='ocrx_word' id='word_1_111' title='bbox 292 1818 369 1884; x_wconf 90' lang='lat' dir='ltr'><strong>fidei</strong></span> <span class='ocrx_word' id='word_1_112' title='bbox 379 1821 629 1904; x_wconf 89' lang='lat' dir='ltr'><strong>propagandae,</strong></span> <span class='ocrx_word' id='word_1_113' title='bbox 641 1821 812 1886; x_wconf 90' lang='lat' dir='ltr'><strong>orientalis</strong></span> <span class='ocrx_word' id='word_1_114' title='bbox 828 1820 910 1885; x_wconf 88' lang='lat' dir='ltr'><strong>ritus</strong></span> <span class='ocrx_word' id='word_1_115' title='bbox 921 1820 1065 1904; x_wconf 89' lang='lat' dir='ltr'><strong>negotiis</strong></span> <span class='ocrx_word' id='word_1_116' title='bbox 1076 1819 1268 1902; x_wconf 87' lang='lat' dir='ltr'><strong>praepositi,</strong></span> <span class='ocrx_word' id='word_1_117' title='bbox 1294 1790 1447 1905; x_wconf 30' lang='lat' dir='ltr'><strong>{3:⁰25pr</strong></span> 
     </span>
     <span class='ocr_line' id='line_1_16' title="bbox 152 1923 1348 2010; baseline -0.005 -22"><span class='ocrx_word' id='word_1_118' title='bbox 152 1934 321 2008; x_wconf 87' lang='lat' dir='ltr'><strong>perpetuo</strong></span> <span class='ocrx_word' id='word_1_119' title='bbox 351 1925 405 2003; x_wconf 91' lang='lat' dir='ltr'><strong>sit,</strong></span> <span class='ocrx_word' id='word_1_120' title='bbox 428 1946 468 1989; x_wconf 91' lang='lat' dir='ltr'><strong>ac</strong></span> <span class='ocrx_word' id='word_1_121' title='bbox 495 1925 614 1990; x_wconf 92' lang='lat' dir='ltr'><strong>iisdem</strong></span> <span class='ocrx_word' id='word_1_122' title='bbox 642 1926 813 2010; x_wconf 88' lang='lat' dir='ltr'><strong>regiminis</strong></span> <span class='ocrx_word' id='word_1_123' title='bbox 844 1933 878 1990; x_wconf 91' lang='lat' dir='ltr'><strong>et</strong></span> <span class='ocrx_word' id='word_1_124' title='bbox 908 1924 1106 2006; x_wconf 90' lang='lat' dir='ltr'><strong>disciplinae</strong></span> <span class='ocrx_word' id='word_1_125' title='bbox 1136 1923 1267 2006; x_wconf 88' lang='lat' dir='ltr'><strong>legibus</strong></span> <span class='ocrx_word' id='word_1_126' title='bbox 1294 1925 1348 1982; x_wconf 72' lang='lat' dir='ltr'><strong>tur,</strong></span> 
     </span>
     <span class='ocr_line' id='line_1_17' title="bbox 152 2026 1267 2112; baseline -0.003 -18"><span class='ocrx_word' id='word_1_127' title='bbox 152 2038 281 2108; x_wconf 86' lang='lat' dir='ltr'><strong>utatur,</strong></span> <span class='ocrx_word' id='word_1_128' title='bbox 296 2029 427 2111; x_wconf 89' lang='lat' dir='ltr'><strong>quaein</strong></span> <span class='ocrx_word' id='word_1_129' title='bbox 443 2029 642 2094; x_wconf 87' lang='lat' dir='ltr'><strong>Urbaniano</strong></span> <span class='ocrx_word' id='word_1_130' title='bbox 652 2029 794 2112; x_wconf 89' lang='lat' dir='ltr'><strong>collegio</strong></span> <span class='ocrx_word' id='word_1_131' title='bbox 806 2027 882 2092; x_wconf 88' lang='lat' dir='ltr'><strong>tidei</strong></span> <span class='ocrx_word' id='word_1_132' title='bbox 893 2028 1133 2112; x_wconf 89' lang='lat' dir='ltr'><strong>propagandae</strong></span> <span class='ocrx_word' id='word_1_133' title='bbox 1142 2026 1267 2110; x_wconf 84' lang='lat' dir='ltr'><strong>vigent.</strong></span> 
     </span>
    </p>

    <p class='ocr_par' dir='ltr' id='par_1_5' title="bbox 152 2128 1342 2528">
     <span class='ocr_line' id='line_1_18' title="bbox 199 2128 1267 2222; baseline -0.006 -24"><span class='ocrx_word' id='word_1_134' title='bbox 199 2131 390 2198; x_wconf 86' lang='lat' dir='ltr'><strong>Cardinalis</strong></span> <span class='ocrx_word' id='word_1_135' title='bbox 406 2135 462 2216; x_wconf 92' lang='lat' dir='ltr'><strong>qui</strong></span> <span class='ocrx_word' id='word_1_136' title='bbox 489 2135 574 2197; x_wconf 89' lang='lat' dir='ltr'><strong>sacri</strong></span> <span class='ocrx_word' id='word_1_137' title='bbox 598 2133 735 2199; x_wconf 90' lang='lat' dir='ltr'><strong>Consilii</strong></span> <span class='ocrx_word' id='word_1_138' title='bbox 753 2132 830 2197; x_wconf 86' lang='lat' dir='ltr'><strong>fidei</strong></span> <span class='ocrx_word' id='word_1_139' title='bbox 847 2131 1086 2222; x_wconf 86' lang='lat' dir='ltr'><strong>propagandae</strong></span> <span class='ocrx_word' id='word_1_140' title='bbox 1102 2128 1267 2212; x_wconf 87' lang='lat' dir='ltr'><strong>generalis</strong></span> 
     </span>
     <span class='ocr_line' id='line_1_19' title="bbox 152 2226 1267 2322; baseline -0.005 -19"><span class='ocrx_word' id='word_1_141' title='bbox 152 2237 349 2303; x_wconf 82' lang='lat' dir='ltr'><strong>Praefectus</strong></span> <span class='ocrx_word' id='word_1_142' title='bbox 373 2248 434 2316; x_wconf 89' lang='lat' dir='ltr'><strong>est,</strong></span> <span class='ocrx_word' id='word_1_143' title='bbox 460 2239 585 2322; x_wconf 88' lang='lat' dir='ltr'><strong>quique</strong></span> <span class='ocrx_word' id='word_1_144' title='bbox 608 2240 642 2302; x_wconf 88' lang='lat' dir='ltr'><strong>in</strong></span> <span class='ocrx_word' id='word_1_145' title='bbox 656 2247 828 2322; x_wconf 90' lang='lat' dir='ltr'><strong>posterum</strong></span> <span class='ocrx_word' id='word_1_146' title='bbox 842 2236 971 2301; x_wconf 86' lang='lat' dir='ltr'><strong>futurus</strong></span> <span class='ocrx_word' id='word_1_147' title='bbox 992 2236 1044 2312; x_wconf 91' lang='lat' dir='ltr'><strong>sit,</strong></span> <span class='ocrx_word' id='word_1_148' title='bbox 1057 2226 1267 2300; x_wconf 73' lang='lat' dir='ltr'><strong>Pationiseu</strong></span> 
     </span>
     <span class='ocr_line' id='line_1_20' title="bbox 152 2331 1342 2424; baseline -0.003 -18"><span class='ocrx_word' id='word_1_149' title='bbox 152 2343 360 2406; x_wconf 89' lang='lat' dir='ltr'><strong>Protectoris</strong></span> <span class='ocrx_word' id='word_1_150' title='bbox 377 2342 621 2408; x_wconf 87' lang='lat' dir='ltr'><strong>Maronitarum</strong></span> <span class='ocrx_word' id='word_1_151' title='bbox 646 2341 679 2406; x_wconf 91' lang='lat' dir='ltr'><strong>in</strong></span> <span class='ocrx_word' id='word_1_152' title='bbox 697 2341 778 2406; x_wconf 90' lang='lat' dir='ltr'><strong>urbe</strong></span> <span class='ocrx_word' id='word_1_153' title='bbox 794 2341 946 2424; x_wconf 88' lang='lat' dir='ltr'><strong>Collegii,</strong></span> <span class='ocrx_word' id='word_1_154' title='bbox 964 2360 1085 2404; x_wconf 90' lang='lat' dir='ltr'><strong>munus</strong></span> <span class='ocrx_word' id='word_1_155' title='bbox 1100 2341 1134 2402; x_wconf 94' lang='lat' dir='ltr'><strong>in</strong></span> <span class='ocrx_word' id='word_1_156' title='bbox 1151 2357 1266 2422; x_wconf 87' lang='lat' dir='ltr'><strong>perpe·</strong></span> <span class='ocrx_word' id='word_1_157' title='bbox 1340 2331 1342 2334; x_wconf 62' lang='grc'><strong>’</strong></span> 
     </span>
     <span class='ocr_line' id='line_1_21' title="bbox 155 2455 700 2528; baseline -0.002 -18"><span class='ocrx_word' id='word_1_158' title='bbox 155 2455 256 2510; x_wconf 87' lang='lat' dir='ltr'><strong>tuum</strong></span> <span class='ocrx_word' id='word_1_159' title='bbox 269 2456 373 2528; x_wconf 89' lang='lat' dir='ltr'><strong>gerat.</strong></span> <span class='ocrx_word' id='word_1_160' title='bbox 695 2507 700 2520; x_wconf 86' lang='grc'>,</span> 
     </span>
    </p>

    <p class='ocr_par' dir='ltr' id='par_1_6' title="bbox 148 2545 1269 3359">
     <span class='ocr_line' id='line_1_22' title="bbox 198 2545 1267 2629; baseline -0.006 -15"><span class='ocrx_word' id='word_1_161' title='bbox 198 2548 287 2614; x_wconf 88' lang='lat' dir='ltr'><strong>Cum</strong></span> <span class='ocrx_word' id='word_1_162' title='bbox 304 2570 383 2614; x_wconf 87' lang='lat' dir='ltr'><strong>vero</strong></span> <span class='ocrx_word' id='word_1_163' title='bbox 400 2549 551 2614; x_wconf 84' lang='lat' dir='ltr'><strong>maxime</strong></span> <span class='ocrx_word' id='word_1_164' title='bbox 566 2549 697 2614; x_wconf 89' lang='lat' dir='ltr'><strong>intersit</strong></span> <span class='ocrx_word' id='word_1_165' title='bbox 720 2549 763 2613; x_wconf 87' lang='lat' dir='ltr'><strong>ad</strong></span> <span class='ocrx_word' id='word_1_166' title='bbox 791 2557 919 2613; x_wconf 87' lang='lat' dir='ltr'><strong>rectum</strong></span> <span class='ocrx_word' id='word_1_167' title='bbox 947 2545 1090 2629; x_wconf 88' lang='lat' dir='ltr'><strong>Collegii</strong></span> <span class='ocrx_word' id='word_1_168' title='bbox 1118 2545 1267 2628; x_wconf 89' lang='lat' dir='ltr'><strong>regimen</strong></span> 
     </span>
     <span class='ocr_line' id='line_1_23' title="bbox 148 2636 1268 2736; baseline -0.006 -18"><span class='ocrx_word' id='word_1_169' title='bbox 148 2653 294 2736; x_wconf 88' lang='lat' dir='ltr'><strong>eiusque</strong></span> <span class='ocrx_word' id='word_1_170' title='bbox 316 2654 584 2736; x_wconf 85' lang='lat' dir='ltr'><strong>prosperitatem,</strong></span> <span class='ocrx_word' id='word_1_171' title='bbox 611 2653 789 2717; x_wconf 88' lang='lat' dir='ltr'><strong>Rectorem</strong></span> <span class='ocrx_word' id='word_1_172' title='bbox 815 2661 1009 2735; x_wconf 89' lang='lat' dir='ltr'><strong>ceterosque</strong></span> <span class='ocrx_word' id='word_1_173' title='bbox 1036 2636 1268 2716; x_wconf 86' lang='lat' dir='ltr'><strong>Moderatores</strong></span> 
     </span>
     <span class='ocr_line' id='line_1_24' title="bbox 150 2755 1269 2841; baseline -0.005 -19"><span class='ocrx_word' id='word_1_174' title='bbox 150 2756 388 2840; x_wconf 85' lang='lat' dir='ltr'><strong>constituiqui</strong></span> <span class='ocrx_word' id='word_1_175' title='bbox 405 2759 512 2841; x_wconf 89' lang='lat' dir='ltr'><strong>magis</strong></span> <span class='ocrx_word' id='word_1_176' title='bbox 528 2757 640 2822; x_wconf 88' lang='lat' dir='ltr'><strong>idonei</strong></span> <span class='ocrx_word' id='word_1_177' title='bbox 651 2778 689 2821; x_wconf 91' lang='lat' dir='ltr'><strong>ac</strong></span> <span class='ocrx_word' id='word_1_178' title='bbox 703 2757 800 2822; x_wconf 91' lang='lat' dir='ltr'><strong>utiles</strong></span> <span class='ocrx_word' id='word_1_179' title='bbox 817 2757 907 2821; x_wconf 93' lang='lat' dir='ltr'><strong>bono</strong></span> <span class='ocrx_word' id='word_1_180' title='bbox 920 2756 1070 2820; x_wconf 91' lang='lat' dir='ltr'><strong>eiusdem</strong></span> <span class='ocrx_word' id='word_1_181' title='bbox 1081 2755 1269 2832; x_wconf 91' lang='lat' dir='ltr'><strong>videantur,</strong></span> 
     </span>
     <span class='ocr_line' id='line_1_25' title="bbox 149 2856 1269 2943; baseline -0.005 -15"><span class='ocrx_word' id='word_1_182' title='bbox 149 2860 329 2928; x_wconf 88' lang='lat' dir='ltr'><strong>Cardinali</strong></span> <span class='ocrx_word' id='word_1_183' title='bbox 350 2856 498 2925; x_wconf 83' lang='lat' dir='ltr'><strong>Patrono</strong></span> <span class='ocrx_word' id='word_1_184' title='bbox 520 2862 709 2939; x_wconf 90' lang='lat' dir='ltr'><strong>tribuimus,</strong></span> <span class='ocrx_word' id='word_1_185' title='bbox 736 2871 772 2924; x_wconf 94' lang='lat' dir='ltr'><strong>ut</strong></span> <span class='ocrx_word' id='word_1_186' title='bbox 788 2861 940 2943; x_wconf 88' lang='lat' dir='ltr'><strong>quaesita</strong></span> <span class='ocrx_word' id='word_1_187' title='bbox 967 2861 1068 2924; x_wconf 88' lang='lat' dir='ltr'><strong>etiam</strong></span> <span class='ocrx_word' id='word_1_188' title='bbox 1101 2859 1269 2922; x_wconf 90' lang='lat' dir='ltr'><strong>sententia</strong></span> 
     </span>
     <span class='ocr_line' id='line_1_26' title="bbox 152 2963 1267 3048; baseline -0.004 -16"><span class='ocrx_word' id='word_1_189' title='bbox 152 2964 298 3032; x_wconf 88' lang='lat' dir='ltr'><strong>Consilii</strong></span> <span class='ocrx_word' id='word_1_190' title='bbox 331 2964 561 3031; x_wconf 86' lang='lat' dir='ltr'><strong>Cardinalium</strong></span> <span class='ocrx_word' id='word_1_191' title='bbox 593 2967 636 3031; x_wconf 92' lang='lat' dir='ltr'><strong>de</strong></span> <span class='ocrx_word' id='word_1_192' title='bbox 666 2985 734 3048; x_wconf 89' lang='lat' dir='ltr'><strong>quo</strong></span> <span class='ocrx_word' id='word_1_193' title='bbox 765 2985 865 3048; x_wconf 89' lang='lat' dir='ltr'><strong>supra</strong></span> <span class='ocrx_word' id='word_1_194' title='bbox 896 2964 1056 3042; x_wconf 88' lang='lat' dir='ltr'><strong>diximus,</strong></span> <span class='ocrx_word' id='word_1_195' title='bbox 1088 2963 1267 3028; x_wconf 89' lang='lat' dir='ltr'><strong>Rectorem</strong></span> 
     </span>
     <span class='ocr_line' id='line_1_27' title="bbox 152 3067 1268 3152; baseline -0.004 -18"><span class='ocrx_word' id='word_1_196' title='bbox 152 3069 310 3152; x_wconf 86' lang='lat' dir='ltr'><strong>aliosque</strong></span> <span class='ocrx_word' id='word_1_197' title='bbox 326 3067 468 3152; x_wconf 90' lang='lat' dir='ltr'><strong>Collegii</strong></span> <span class='ocrx_word' id='word_1_198' title='bbox 485 3070 712 3134; x_wconf 88' lang='lat' dir='ltr'><strong>moderatores</strong></span> <span class='ocrx_word' id='word_1_199' title='bbox 728 3069 893 3151; x_wconf 90' lang='lat' dir='ltr'><strong>designet,</strong></span> <span class='ocrx_word' id='word_1_200' title='bbox 907 3068 1017 3151; x_wconf 89' lang='lat' dir='ltr'><strong>deque</strong></span> <span class='ocrx_word' id='word_1_201' title='bbox 1033 3067 1072 3130; x_wconf 91' lang='lat' dir='ltr'><strong>iis</strong></span> <span class='ocrx_word' id='word_1_202' title='bbox 1088 3067 1130 3131; x_wconf 91' lang='lat' dir='ltr'><strong>ad</strong></span> <span class='ocrx_word' id='word_1_203' title='bbox 1154 3067 1268 3130; x_wconf 92' lang='lat' dir='ltr'><strong>Ponti·</strong></span> 
     </span>
     <span class='ocr_line' id='line_1_28' title="bbox 150 3169 1267 3255; baseline -0.004 -16"><span class='ocrx_word' id='word_1_204' title='bbox 150 3175 255 3239; x_wconf 89' lang='lat' dir='ltr'><strong>ficem</strong></span> <span class='ocrx_word' id='word_1_205' title='bbox 283 3173 476 3237; x_wconf 88' lang='lat' dir='ltr'><strong>Maximum</strong></span> <span class='ocrx_word' id='word_1_206' title='bbox 504 3173 635 3250; x_wconf 85' lang='lat' dir='ltr'><strong>reserat,</strong></span> <span class='ocrx_word' id='word_1_207' title='bbox 659 3182 697 3238; x_wconf 94' lang='lat' dir='ltr'><strong>ut</strong></span> <span class='ocrx_word' id='word_1_208' title='bbox 721 3174 777 3255; x_wconf 91' lang='lat' dir='ltr'><strong>qui</strong></span> <span class='ocrx_word' id='word_1_209' title='bbox 798 3171 965 3255; x_wconf 91' lang='lat' dir='ltr'><strong>designati</strong></span> <span class='ocrx_word' id='word_1_210' title='bbox 993 3169 1124 3248; x_wconf 88' lang='lat' dir='ltr'><strong>fuerint,</strong></span> <span class='ocrx_word' id='word_1_211' title='bbox 1152 3189 1267 3234; x_wconf 88' lang='lat' dir='ltr'><strong>eorum</strong></span> 
     </span>
     <span class='ocr_line' id='line_1_29' title="bbox 150 3273 969 3359; baseline -0.001 -19"><span class='ocrx_word' id='word_1_212' title='bbox 150 3277 389 3359; x_wconf 85' lang='lat' dir='ltr'><strong>eligendorum</strong></span> <span class='ocrx_word' id='word_1_213' title='bbox 408 3275 566 3340; x_wconf 78' lang='lat' dir='ltr'><strong>Pontifex</strong></span> <span class='ocrx_word' id='word_1_214' title='bbox 583 3275 758 3339; x_wconf 88' lang='lat' dir='ltr'><strong>Maximus</strong></span> <span class='ocrx_word' id='word_1_215' title='bbox 774 3283 891 3339; x_wconf 91' lang='lat' dir='ltr'><strong>auctor</strong></span> <span class='ocrx_word' id='word_1_216' title='bbox 902 3273 969 3339; x_wconf 90' lang='lat' dir='ltr'><strong>fiat.</strong></span> 
     </span>
    </p>

    <p class='ocr_par' dir='ltr' id='par_1_7' title="bbox 150 3375 1268 3879">
     <span class='ocr_line' id='line_1_30' title="bbox 200 3375 1268 3458; baseline -0.004 -14"><span class='ocrx_word' id='word_1_217' title='bbox 200 3377 367 3444; x_wconf 90' lang='lat' dir='ltr'><strong>Sacerdos</strong></span> <span class='ocrx_word' id='word_1_218' title='bbox 385 3377 606 3442; x_wconf 89' lang='lat' dir='ltr'><strong>Maroniticae</strong></span> <span class='ocrx_word' id='word_1_219' title='bbox 629 3378 775 3442; x_wconf 87' lang='lat' dir='ltr'><strong>nationis</strong></span> <span class='ocrx_word' id='word_1_220' title='bbox 800 3398 820 3440; x_wconf 93' lang='lat' dir='ltr'><strong>a</strong></span> <span class='ocrx_word' id='word_1_221' title='bbox 846 3378 994 3441; x_wconf 92' lang='lat' dir='ltr'><strong>Patrono</strong></span> <span class='ocrx_word' id='word_1_222' title='bbox 1017 3375 1185 3456; x_wconf 83' lang='lat' dir='ltr'><strong>deligatur</strong></span> <span class='ocrx_word' id='word_1_223' title='bbox 1211 3376 1268 3458; x_wconf 91' lang='lat' dir='ltr'><strong>qui</strong></span> 
     </span>
     <span class='ocr_line' id='line_1_31' title="bbox 150 3481 1267 3566; baseline -0.002 -18"><span class='ocrx_word' id='word_1_224' title='bbox 150 3481 272 3548; x_wconf 87' lang='lat' dir='ltr'><strong>sedem</strong></span> <span class='ocrx_word' id='word_1_225' title='bbox 304 3483 338 3545; x_wconf 92' lang='lat' dir='ltr'><strong>in</strong></span> <span class='ocrx_word' id='word_1_226' title='bbox 369 3481 522 3564; x_wconf 89' lang='lat' dir='ltr'><strong>Collegio</strong></span> <span class='ocrx_word' id='word_1_227' title='bbox 553 3483 687 3560; x_wconf 90' lang='lat' dir='ltr'><strong>habeat,</strong></span> <span class='ocrx_word' id='word_1_228' title='bbox 717 3485 842 3566; x_wconf 87' lang='lat' dir='ltr'><strong>quique</strong></span> <span class='ocrx_word' id='word_1_229' title='bbox 869 3481 1021 3547; x_wconf 87' lang='lat' dir='ltr'><strong>sedulam</strong></span> <span class='ocrx_word' id='word_1_230' title='bbox 1048 3482 1106 3544; x_wconf 93' lang='lat' dir='ltr'><strong>det</strong></span> <span class='ocrx_word' id='word_1_231' title='bbox 1129 3501 1267 3562; x_wconf 88' lang='lat' dir='ltr'><strong>operam</strong></span> 
     </span>
     <span class='ocr_line' id='line_1_32' title="bbox 152 3583 1267 3668; baseline -0.002 -17"><span class='ocrx_word' id='word_1_232' title='bbox 152 3584 305 3651; x_wconf 84' lang='lat' dir='ltr'><strong>alumnis</strong></span> <span class='ocrx_word' id='word_1_233' title='bbox 331 3583 528 3648; x_wconf 90' lang='lat' dir='ltr'><strong>excolendis</strong></span> <span class='ocrx_word' id='word_1_234' title='bbox 554 3595 588 3650; x_wconf 91' lang='lat' dir='ltr'><strong>et</strong></span> <span class='ocrx_word' id='word_1_235' title='bbox 615 3587 813 3650; x_wconf 89' lang='lat' dir='ltr'><strong>exercendis</strong></span> <span class='ocrx_word' id='word_1_236' title='bbox 839 3587 873 3649; x_wconf 90' lang='lat' dir='ltr'><strong>in</strong></span> <span class='ocrx_word' id='word_1_237' title='bbox 899 3585 938 3648; x_wconf 91' lang='lat' dir='ltr'><strong>iis</strong></span> <span class='ocrx_word' id='word_1_238' title='bbox 966 3603 1052 3668; x_wconf 89' lang='lat' dir='ltr'><strong>quae</strong></span> <span class='ocrx_word' id='word_1_239' title='bbox 1078 3584 1120 3648; x_wconf 93' lang='lat' dir='ltr'><strong>ad</strong></span> <span class='ocrx_word' id='word_1_240' title='bbox 1138 3603 1267 3649; x_wconf 90' lang='lat' dir='ltr'><strong>sacram</strong></span> 
     </span>
     <span class='ocr_line' id='line_1_33' title="bbox 151 3688 1268 3772; baseline -0.003 -17"><span class='ocrx_word' id='word_1_241' title='bbox 151 3688 327 3770; x_wconf 85' lang='lat' dir='ltr'><strong>liturgiam</strong></span> <span class='ocrx_word' id='word_1_242' title='bbox 344 3700 447 3772; x_wconf 88' lang='lat' dir='ltr'><strong>atque</strong></span> <span class='ocrx_word' id='word_1_243' title='bbox 462 3688 505 3752; x_wconf 90' lang='lat' dir='ltr'><strong>ad</strong></span> <span class='ocrx_word' id='word_1_244' title='bbox 526 3709 697 3753; x_wconf 89' lang='lat' dir='ltr'><strong>sacrorum</strong></span> <span class='ocrx_word' id='word_1_245' title='bbox 713 3690 805 3767; x_wconf 88' lang='lat' dir='ltr'><strong>ritus,</strong></span> <span class='ocrx_word' id='word_1_246' title='bbox 836 3689 1082 3752; x_wconf 85' lang='lat' dir='ltr'><strong>Maronitarum</strong></span> <span class='ocrx_word' id='word_1_247' title='bbox 1105 3688 1268 3770; x_wconf 86' lang='lat' dir='ltr'><strong>proprios,</strong></span> 
     </span>
     <span class='ocr_line' id='line_1_34' title="bbox 152 3791 338 3879; baseline -0.005 -21"><span class='ocrx_word' id='word_1_248' title='bbox 152 3791 338 3879; x_wconf 86' lang='lat' dir='ltr'><strong>pertinent.</strong></span> 
     </span>
    </p>

    <p class='ocr_par' dir='ltr' id='par_1_8' title="bbox 148 3895 1268 4189">
     <span class='ocr_line' id='line_1_35' title="bbox 200 3895 1267 3979; baseline 0 -19"><span class='ocrx_word' id='word_1_249' title='bbox 200 3895 338 3960; x_wconf 89' lang='lat' dir='ltr'><strong>Patroni</strong></span> <span class='ocrx_word' id='word_1_250' title='bbox 354 3903 468 3958; x_wconf 89' lang='lat' dir='ltr'><strong>autem</strong></span> <span class='ocrx_word' id='word_1_251' title='bbox 485 3897 667 3960; x_wconf 87' lang='lat' dir='ltr'><strong>auctoritas</strong></span> <span class='ocrx_word' id='word_1_252' title='bbox 683 3906 717 3961; x_wconf 89' lang='lat' dir='ltr'><strong>et</strong></span> <span class='ocrx_word' id='word_1_253' title='bbox 733 3906 883 3979; x_wconf 90' lang='lat' dir='ltr'><strong>potestas</strong></span> <span class='ocrx_word' id='word_1_254' title='bbox 909 3919 948 3960; x_wconf 91' lang='lat' dir='ltr'><strong>ea</strong></span> <span class='ocrx_word' id='word_1_255' title='bbox 975 3898 1048 3976; x_wconf 88' lang='lat' dir='ltr'><strong>erit,</strong></span> <span class='ocrx_word' id='word_1_256' title='bbox 1072 3897 1125 3962; x_wconf 94' lang='lat' dir='ltr'><strong>cui</strong></span> <span class='ocrx_word' id='word_1_257' title='bbox 1150 3917 1267 3962; x_wconf 89' lang='lat' dir='ltr'><strong>omnes</strong></span> 
     </span>
     <span class='ocr_line' id='line_1_36' title="bbox 148 3997 1268 4084; baseline 0.001 -21"><span class='ocrx_word' id='word_1_258' title='bbox 148 3999 212 4084; x_wconf 92' lang='lat' dir='ltr'><strong>qui</strong></span> <span class='ocrx_word' id='word_1_259' title='bbox 238 3997 376 4081; x_wconf 86' lang='lat' dir='ltr'><strong>regendi</strong></span> <span class='ocrx_word' id='word_1_260' title='bbox 402 4008 434 4062; x_wconf 90' lang='lat' dir='ltr'><strong>et</strong></span> <span class='ocrx_word' id='word_1_261' title='bbox 459 3999 716 4065; x_wconf 85' lang='lat' dir='ltr'><strong>administrandi</strong></span> <span class='ocrx_word' id='word_1_262' title='bbox 745 4021 866 4064; x_wconf 91' lang='lat' dir='ltr'><strong>munus</strong></span> <span class='ocrx_word' id='word_1_263' title='bbox 892 4001 925 4064; x_wconf 91' lang='lat' dir='ltr'><strong>in</strong></span> <span class='ocrx_word' id='word_1_264' title='bbox 954 4000 1107 4084; x_wconf 89' lang='lat' dir='ltr'><strong>Collegio</strong></span> <span class='ocrx_word' id='word_1_265' title='bbox 1131 4001 1268 4078; x_wconf 84' lang='lat' dir='ltr'><strong>habent,</strong></span> 
     </span>
     <span class='ocr_line' id='line_1_37' title="bbox 150 4103 938 4189; baseline 0 -19"><span class='ocrx_word' id='word_1_266' title='bbox 150 4103 283 4170; x_wconf 88' lang='lat' dir='ltr'><strong>nedum</strong></span> <span class='ocrx_word' id='word_1_267' title='bbox 296 4103 433 4182; x_wconf 89' lang='lat' dir='ltr'><strong>alumni,</strong></span> <span class='ocrx_word' id='word_1_268' title='bbox 448 4103 589 4188; x_wconf 89' lang='lat' dir='ltr'><strong>obsequi</strong></span> <span class='ocrx_word' id='word_1_269' title='bbox 606 4114 640 4169; x_wconf 90' lang='lat' dir='ltr'><strong>et</strong></span> <span class='ocrx_word' id='word_1_270' title='bbox 651 4125 767 4189; x_wconf 86' lang='lat' dir='ltr'><strong>parere</strong></span> <span class='ocrx_word' id='word_1_271' title='bbox 783 4105 938 4172; x_wconf 87' lang='lat' dir='ltr'><strong>debeant.</strong></span> 
     </span>
    </p>

    <p class='ocr_par' dir='ltr' id='par_1_9' title="bbox 148 4205 1268 4396">
     <span class='ocr_line' id='line_1_38' title="bbox 197 4205 1267 4292; baseline -0.001 -19"><span class='ocrx_word' id='word_1_272' title='bbox 197 4205 288 4273; x_wconf 89' lang='lat' dir='ltr'><strong>Cum</strong></span> <span class='ocrx_word' id='word_1_273' title='bbox 304 4205 348 4270; x_wconf 91' lang='lat' dir='ltr'><strong>de</strong></span> <span class='ocrx_word' id='word_1_274' title='bbox 362 4207 571 4288; x_wconf 85' lang='lat' dir='ltr'><strong>gravioribus</strong></span> <span class='ocrx_word' id='word_1_275' title='bbox 588 4218 707 4291; x_wconf 85' lang='lat' dir='ltr'><strong>agatur</strong></span> <span class='ocrx_word' id='word_1_276' title='bbox 723 4209 866 4292; x_wconf 90' lang='lat' dir='ltr'><strong>Collegii</strong></span> <span class='ocrx_word' id='word_1_277' title='bbox 893 4211 1047 4292; x_wconf 87' lang='lat' dir='ltr'><strong>negotiis,</strong></span> <span class='ocrx_word' id='word_1_278' title='bbox 1076 4209 1119 4273; x_wconf 92' lang='lat' dir='ltr'><strong>de</strong></span> <span class='ocrx_word' id='word_1_279' title='bbox 1139 4209 1178 4272; x_wconf 90' lang='lat' dir='ltr'><strong>iis</strong></span> <span class='ocrx_word' id='word_1_280' title='bbox 1206 4209 1267 4272; x_wconf 85' lang='lat' dir='ltr'><strong>Pa·</strong></span> 
     </span>
     <span class='ocr_line' id='line_1_39' title="bbox 148 4309 1268 4396; baseline -0.002 -20"><span class='ocrx_word' id='word_1_281' title='bbox 148 4323 272 4376; x_wconf 89' lang='lat' dir='ltr'><strong>tronus</strong></span> <span class='ocrx_word' id='word_1_282' title='bbox 289 4309 332 4374; x_wconf 92' lang='lat' dir='ltr'><strong>ad</strong></span> <span class='ocrx_word' id='word_1_283' title='bbox 346 4309 543 4376; x_wconf 84' lang='lat' dir='ltr'><strong>Pontificem</strong></span> <span class='ocrx_word' id='word_1_284' title='bbox 556 4313 746 4377; x_wconf 88' lang='lat' dir='ltr'><strong>Maximum</strong></span> <span class='ocrx_word' id='word_1_285' title='bbox 765 4312 943 4391; x_wconf 73' lang='lat' dir='ltr'><strong>reseratae</strong></span> <span class='ocrx_word' id='word_1_286' title='bbox 956 4316 986 4377; x_wconf 91' lang='lat' dir='ltr'><strong>in</strong></span> <span class='ocrx_word' id='word_1_287' title='bbox 1000 4313 1150 4396; x_wconf 88' lang='lat' dir='ltr'><strong>singulos</strong></span> <span class='ocrx_word' id='word_1_288' title='bbox 1160 4331 1268 4375; x_wconf 88' lang='lat' dir='ltr'><strong>annos</strong></span> 
     </span>
    </p>
   </div>
   <div class='ocr_carea' id='block_1_3' title="bbox 0 0 1652 4886">
    <p class='ocr_par' dir='ltr' id='par_1_10' title="bbox 0 0 1652 4886">
     <span class='ocr_line' id='line_1_40' title="bbox 0 0 1652 4886; baseline 0 1"><span class='ocrx_word' id='word_1_289' title='bbox 0 0 1652 4886; x_wconf 95' lang='lat' dir='ltr'><strong> </strong></span> 
     </span>
    </p>
   </div>
  </div>
 </body>
</html>
