3222 4888
420 275 491 364 184
543 293 659 343 aelst.
680 287 838 340 Ehcvcu.
862 272 882 300 “
897 283 1114 335 CONSTANTI
1135 277 1414 331 HUNGARORUM.
1429 251 1443 278 '¹
1569 239 1570 330 l

418 387 1494 415 Μ

414 445 582 530 praesidia
606 452 708 525 atque
733 440 929 503 adiumenta
957 456 1044 519 quae
1070 445 1205 517 tempus
1220 433 1379 498 vellocus
1394 429 1500 495 aflerat

413 551 555 617 Summa
571 558 683 612 tamen
701 543 880 627 prudentia
895 541 1137 623 vigilantiaque
1160 559 1246 622 opus
1262 549 1323 614 est,
1335 557 1377 601 ne
1393 533 1501 599 scilicet
1570 539 1571 594 l

411 656 611 738 gravitatem
629 651 834 730 modumque
849 645 1038 710 transiliant
1048 645 1133 707 sacri
1143 643 1271 707 ordinis
1281 643 1353 719 viri,
1363 653 1396 706 et
1409 640 1503 703 minus

411 758 475 842 ipsi
498 755 655 821 caelestia
682 771 783 836 quam
811 751 959 814 humana
986 768 1101 813 curare
1128 747 1315 812 videantur.
1333 746 1503 828 Aptissima

411 863 500 926 idern
518 859 698 942 Gregorius
711 857 777 920 M.:
797 853 1022 925 <saecularia
1044 854 1158 935 itaque
1175 853 1311 934 negotia
1338 847 1505 933 aliquando
1571 839 1572 874 ³

413 980 431 1036 t
447 987 492 1029 ex
508 962 740 1047 compassione
756 957 932 1022 toleranda
948 965 1036 1032 sunt,
1052 975 1225 1037 nunquam
1249 972 1328 1018 vero
1345 973 1390 1016 ex
1406 969 1506 1014 amore
1572 965 1573 1056 p

412 1083 430 1138 tl
448 1068 660 1152 requirenda:
671 1085 799 1129 aecum
814 1071 960 1126 mentem
971 1061 1142 1143 diligentis
1155 1068 1351 1144 aggravant,
1361 1058 1446 1121 hanc
1456 1074 1507 1116 suo

414 1173 570 1240 (victam
587 1170 735 1252 pondere
752 1168 794 1230 ad
812 1168 880 1228 ima
905 1166 948 1228 de
978 1164 1178 1228 caelestibus
1203 1173 1358 1245 mergant
1374 1161 1455 1243 (1).t
1473 1196 1508 1206 -

281 1281 383 1358 QeEc-
413 1275 499 1339 lllud
516 1276 618 1338 etiarn
635 1271 798 1347 volumus,
814 1267 955 1333 excitari
983 1287 1003 1330 a
1028 1267 1123 1330 vobis
1154 1268 1211 1350 qui
1235 1267 1335 1330 curiis
1352 1275 1508 1349 praesunt,

228 1347 384 1475 fimf
410 1389 447 1444 ut
462 1378 677 1442 ecclesiarum
705 1393 839 1438 suarum
852 1371 1014 1455 peculium
1042 1371 1197 1454 religiose
1225 1371 1420 1435 custodiant
1445 1370 1508 1434 dili·
1573 1361 1574 1388 ³

300 1493 339 1554 ,m
350 1479 386 1526 ³¹²
409 1484 671 1567 gentissimeque
685 1477 924 1544 administrent
939 1501 946 1541 :
963 1477 990 1539 si
1007 1496 1074 1559 qua
1090 1497 1170 1539 vero
1186 1486 1220 1540 et
1245 1475 1309 1540 hoc
1337 1476 1371 1540 in
1400 1495 1509 1558 genere

233 1557 356 1602 naeaxma,
410 1587 519 1650 minus
539 1595 629 1648 recta
657 1583 852 1656 insederint,
879 1601 939 1643 vos
969 1582 1048 1644 item
1077 1590 1193 1662 aptam
1220 1583 1429 1645 curationem
1460 1601 1510 1662 pro

409 1709 545 1755 munere
562 1691 749 1754 admovete.
766 1685 1000 1749 -Praeterea
1028 1685 1127 1748 valde
1149 1696 1378 1769 opportunum
1409 1705 1510 1750 cense-

409 1813 492 1870 mus,
509 1793 693 1857 studiosam
722 1789 857 1855 aClero
873 1788 1014 1852 conferri
1031 1808 1155 1865 curam,
1172 1801 1208 1852 ut
1224 1809 1312 1872 quae
1339 1791 1416 1855 istic
1443 1799 1511 1853 sunt

411 1895 617 1960 Sodalitates
633 1913 691 1958 seu
709 1893 1012 1958 confraternitates
1038 1891 1144 1956 laicae
1161 1893 1193 1956 in
1218 1893 1400 1976 pristinum
1423 1895 1512 1958 decus

409 1999 618 2062 revirescant.
636 1997 769 2079 Nempe
785 1997 827 2060 de
840 2015 879 2058 ea
892 2015 927 2058 re
943 1997 1062 2078 agitur,
1077 2015 1164 2078 quae
1177 2017 1245 2060 non
1263 1997 1373 2060 minus
1392 2016 1512 2062 earum·
1575 2007 1576 2010 ’

409 2101 485 2164 dem
504 2100 743 2174 Sodalitatum,
755 2119 856 2182 quam
872 2098 1043 2180 publicum
1061 2108 1189 2181 spectet
1200 2099 1372 2181 religionis
1384 2101 1512 2164 bonum.

257 2209 382 2289 Sadals'ra·
411 2205 459 2270 Ut
482 2206 571 2268 enim
588 2213 699 2268 cetera
714 2205 921 2280 omittamus,
932 2203 1114 2286 plurimum
1132 2223 1213 2267 sane
1225 2204 1417 2269 adiumenti
1428 2204 1513 2269 vobis

260 2276 384 2390 ‘fimf
409 2311 563 2393 cleroque
588 2319 700 2374 vestro
732 2310 813 2374 talia
842 2309 1009 2376 Sodalitia
1039 2308 1157 2373 afferre
1185 2319 1327 2392 possunt
1354 2331 1461 2393 quum
1487 2311 1513 2372 in
1576 2291 1577 2300 ἵ

254 2413 384 2536 ruff?
410 2413 599 2478 excolendo
616 2413 658 2476 ad
676 2414 846 2496 pietatem,
862 2413 905 2476 ad
932 2412 1147 2475 christianam
1163 2414 1268 2476 vitam
1290 2415 1431 2497 populo,
1451 2423 1513 2477 tum

231 2543 309 2586 scant.
411 2519 511 2582 etiam
529 2519 562 2580 in
581 2516 746 2580 firmanda
762 2517 899 2580 salutari
923 2516 989 2590 illa,
1005 2533 1107 2598 quam
1124 2525 1300 2598 tantopere
1320 2515 1514 2599 expetimus

410 2621 599 2687 animorum
615 2620 897 2702 voluntatumque
911 2621 1143 2684 consensione.

286 2775 384 2838 Quaem
455 2727 601 2790 Demum
618 2725 661 2790 de
687 2725 727 2788 iis
751 2725 920 2802 omnibus,
935 2743 1022 2808 quae
1048 2723 1099 2788 vel
1129 2723 1172 2787 ad
1190 2723 1359 2807 religionis
1377 2723 1516 2806 fideique

273 2842 303 2891 de
314 2842 385 2919 raras
410 2830 521 2894 avitae
536 2829 687 2906 tutelam,
703 2828 754 2892 vel
768 2827 811 2892 ad
829 2829 1059 2894 institutorum
1076 2828 1233 2893 catholici
1252 2829 1401 2893 nominis
1418 2831 1514 2894 incre·

251 2908 386 3022 admi:
413 2944 573 3011 mentum,
589 2934 640 2997 vel
658 2933 759 2996 etlam
773 2933 816 2997 ad
830 2931 918 3000 Cleri
932 2933 1105 3016 utriusque
1115 2933 1330 3016 disciplinam
1343 2935 1516 3016 pertinent,

242 3037 388 3115 'conserant
412 3037 578 3119 optimum
595 3056 676 3100 sane
691 3035 1041 3119 salubberrimumque
1059 3036 1128 3100 lore
1144 3035 1356 3113 arbitramur,
1372 3038 1516 3102 Venera-

233 3109 338 3233 m?
350 3105 386 3152 E·
412 3140 498 3205 biles
513 3143 655 3218 Fratres,
671 3141 698 3204 si
714 3139 855 3204 consilia
873 3141 1058 3205 identidem
1074 3141 1162 3204 inter
1177 3161 1237 3204 vos
1264 3141 1420 3206 conserte
1446 3161 1515 3206 con·

412 3245 825 3328 sueveritis,easscommuni
844 3243 968 3309 iudicio
980 3245 1155 3324 decreturi,
1167 3265 1255 3328 quae
1267 3243 1320 3309 vel
1333 3247 1516 3310 necessaria

413 3351 465 3414 vel
483 3351 590 3433 magis
605 3360 797 3432 opportuna
813 3349 1043 3432 dignoveritis.

320 3503 386 3551 m
458 3455 621 3519 Futurum
638 3453 838 3518 confidimus
855 3463 891 3517 ut
907 3454 1053 3516 universi
1084 3475 1128 3519 ex
1162 3453 1339 3536 Hungaria
1364 3453 1516 3519 catholici

265 3581 386 3618 mumsu·
412 3557 576 3636 homines,
601 3568 670 3622 tarn
702 3557 802 3640 plena
830 3557 970 3638 periculi
998 3577 1106 3622 rerum
1135 3577 1270 3622 suarum
1302 3557 1517 3622 inclinatione

236 3638 326 3746 ,ssz’c'f
339 3634 386 3746 ξζ
413 3671 597 3744 perspecta,
624 3671 725 3743 atque
753 3661 785 3724 in
814 3659 866 3724 his
894 3661 1166 3745 omnibus,quae
1182 3661 1344 3737 diximus,
1360 3672 1517 3743 paternae

236 3761 307 3874 {in
322 3763 386 3877 [ζῆ-
413 3765 559 3828 Nostrae
575 3763 810 3828 sollicitudinis
826 3765 1161 3849 studiosissimaeque
1184 3785 1263 3848 erga
1289 3766 1381 3848 ipsos
1407 3765 1516 3829 volun-

248 3825 385 3957 'cmx
413 3869 492 3932 tatis
502 3869 735 3933 testimonium
747 3877 1036 3950 recognoscentes,
1049 3870 1200 3933 animum
1211 3870 1365 3952 viresque
1375 3878 1517 3944 sumsuh

276 4017 386 4068 Pastore-
412 3973 581 4055 omnique,
597 3972 646 4036 uti
663 3991 723 4054 par
734 3982 794 4049 est,
811 3972 973 4055 religione
1001 3973 1150 4036 consiliis
1168 3973 1373 4057 monitisque
1387 3971 1517 4038 Nostris

235 4082 378 4148 bmergre-
413 4075 656 4159 obtemperent.
672 4074 781 4139 Vobis
809 4084 936 4154 autern,
952 4076 1173 4140 Venerabiles
1202 4077 1346 4154 Fratres,
1372 4079 1516 4158 itemque

235 4151 386 4264 ,ςὲῗᾟ
412 4180 501 4245 clero
517 4179 709 4262 populoque
726 4179 903 4256 catholico,
920 4199 987 4244 una
1003 4181 1094 4246 velut
1111 4190 1225 4246 mente
1245 4201 1381 4263 unoque
1407 4181 1516 4244 animo

235 4278 328 4340 “dm‘’
443 4325 463 4357 1.
477 4311 533 4370 Reg.
547 4311 641 4357 Pastor.
653 4323 677 4368 p.
691 4321 718 4363 11,
729 4325 749 4357 c.
760 4321 805 4357 vll.
