3222 4888
438 290 507 338 212
564 291 660 342 nrrr.
683 293 839 344 uuerco.
863 281 882 310 “
902 293 1276 345 Pnovronumssmus
1294 293 1404 344 nnus.
1425 270 1441 296 ''

276 449 339 562 hp‘bos
350 464 410 512 quos
435 444 651 506 continentur
667 445 732 506 alia
751 445 857 507 multa
870 466 878 523 ;
891 445 992 526 idque
1010 463 1267 525 nonnumquam
1278 444 1440 524 ampliore
1454 463 1524 524 qua·

310 521 410 638 ,ZlJ‘JZJ
435 549 513 610 dam
531 558 565 610 et
582 548 803 611 reconditiore
828 549 1006 626 sententia,
1025 569 1127 630 quam
1153 548 1344 630 exprimere
1370 547 1477 610 littera
1497 557 1524 608 et

291 646 411 773 {xxti
435 651 708 716 hermeneuticae
736 650 828 732 leges
863 651 1011 716 indicare
1038 653 1235 716 videantur:
1258 651 1342 714 alios
1370 659 1527 734 praeterea

312 776 411 824 involvi
435 775 561 832 sensus,
578 755 628 816 vel
645 755 688 816 ad
706 755 869 835 dogmata
897 755 1100 819 illustranda
1127 756 1179 820 vel
1204 759 1248 820 ad
1267 756 1526 820 commendanda

435 868 613 944 praecepta
632 859 731 935 vitae,
747 859 819 940 ipse
851 858 1005 923 litteralis
1037 879 1155 922 sensus
1187 857 1339 940 prolecto
1370 859 1524 922 adsciscit.

436 963 664 1047 Quamobrem
681 961 895 1026 diffitendum
925 983 992 1026 non
1010 973 1061 1026 est
1078 963 1235 1047 religiosa
1251 963 1401 1047 quadarn
1417 966 1525 1028 obscu-

435 1073 534 1133 ritate
548 1089 663 1132 sacros
676 1067 796 1130 Libros
807 1067 944 1144 involvi,
959 1079 997 1130 ut
1013 1068 1056 1130 ad
1073 1089 1141 1146 e05,
1152 1069 1216 1132 nisi
1230 1068 1346 1151 aliquo
1357 1071 1433 1132 viae
1445 1069 1528 1142 duee,

278 1195 346 1270 pop,
358 1196 408 1244 uri·
434 1193 533 1237 nemo
546 1172 676 1252 ingredi
694 1173 801 1252 possit
817 1169 881 1253 (1):
901 1171 977 1235 Deo
994 1172 1131 1254 quidem
1159 1175 1206 1237 sic
1223 1175 1427 1256 providente
1442 1173 1530 1256 (quae

259 1259 367 1310 ‘²³⁵³''“¹·
433 1275 571 1356 vulgata
598 1285 649 1340 est
679 1275 795 1357 opinio
824 1275 874 1339 Ss.
893 1274 1056 1357 Patrum),
1072 1286 1110 1339 ut
1136 1276 1291 1342 homines
1319 1279 1447 1340 maiore
1461 1297 1527 1339 cum

434 1381 602 1446 desiderio
617 1390 651 1441 et
668 1378 782 1441 studio
801 1377 875 1440 illos
905 1389 1201 1458 perscrutarentur,
1228 1399 1347 1463 resque
1364 1381 1447 1444 inde
1461 1399 1530 1460 ope-

435 1503 508 1549 rose
524 1493 698 1566 perceptas
715 1481 886 1546 mentibus
902 1481 1091 1563 animisque
1103 1483 1204 1547 altius
1221 1483 1402 1567 infigerent
1418 1505 1426 1562 ;
1443 1479 1528 1545 intel-

434 1591 642 1671 ligeremque
655 1583 1037 1668 praecipue,Scripturas
1045 1585 1157 1650 Deum
1169 1588 1348 1650 tradidisse
1362 1585 1531 1660 Ecclesiae,

433 1713 501 1776 qua
525 1691 651 1753 scilicet
682 1690 768 1753 duce
795 1699 830 1752 et
857 1691 1019 1773 magistra
1047 1691 1079 1752 in
1104 1691 1256 1773 legendis
1286 1691 1528 1773 tractandisque

358 1830 406 1880 55,
434 1797 575 1878 eloquiis
600 1795 668 1856 suis
696 1793 884 1857 certissima
909 1806 1090 1860 uterentur.
1119 1795 1187 1860 Ubi
1213 1798 1303 1860 enim
1335 1799 1529 1861 charismata

309 1897 407 1956 Patres,
436 1901 575 1965 Domini
593 1899 703 1980 posita
716 1899 793 1975 sint,
810 1898 855 1960 ibi
866 1899 1062 1962 discendam
1079 1919 1153 1963 esse
1170 1903 1357 1977 veritatem,
1373 1912 1476 1984 atque
1492 1897 1529 1960 ab

436 2007 510 2082 illis,
525 2005 614 2086 apud
640 2022 724 2084 quos
750 2001 793 2065 sit
819 2003 985 2066 successio
1012 2004 1209 2084 apostolica,
1226 2004 1420 2087 Scripturas
1449 2003 1528 2067 nullo

435 2130 512 2174 cum
540 2108 687 2190 periculo
717 2106 854 2187 exponi,
885 2106 952 2169 iam
979 2117 1117 2172 sanctus
1147 2109 1263 2173 docuit
1295 2109 1528 2190 Irenaeus(²):

435 2213 529 2276 cuius
551 2213 685 2294 quidem
713 2219 969 2292 ceterorumque
997 2211 1134 2274 Patrum
1160 2214 1349 2276 doctrinam
1380 2187 1528 2294 Synodus

190 2369 192 2378 .
274 2321 356 2429 alwai
367 2315 411 2426 CC}
436 2317 603 2381 Vaticana
629 2314 790 2396 amplexa
805 2324 865 2390 est,
883 2315 1020 2396 quando
1037 2315 1273 2381 Tridentinum
1301 2318 1476 2382 decretum
1497 2317 1530 2378 de

265 2395 408 2496 ΜΗ.
435 2423 539 2486 divini
571 2419 663 2482 verbi
695 2419 808 2500 scripti
840 2419 1118 2501 interpretatione
1148 2443 1322 2500 renovans,
1349 2421 1529 2487 knncillirs

258 2519 409 2560 centonum
435 2535 572 2590 utentem
584 2545 649 2587 csse
657 2522 848 2601 declaravit,
861 2533 899 2586 ut
910 2523 945 2586 in
970 2524 1063 2588 rebus
1069 2524 1157 2607 fidei
1169 2536 1202 2590 et
1216 2547 1355 2602 monem,
1367 2526 1418 2588 ad
1428 2521 1527 2605 aedifi·

259 2579 408 2690 scrlllrllll
434 2632 590 2695 cntionem
605 2627 770 2690 doctrinae
780 2625 979 2691 chrestianae
984 2629 1230 2710 pertinentium,
1241 2629 1270 2692 is
1277 2640 1340 2711 pro
1356 2649 1435 2691 vern
1447 2647 1528 2690 sensu

259 2723 410 2837 qussf'ljffi
436 2756 546 2800 sacrae
563 2733 754 2814 Scripturas
769 2730 935 2794 habendus
959 2733 1013 2804 sit,
1027 2753 1122 2813 quem
1146 2731 1254 2796 tenuit
1274 2753 1313 2794 ac
1327 2741 1417 2795 tenet
1429 2739 1527 2795 sancia

260 2839 380 2888 Ecclesia.
436 2839 553 2902 Mater
566 2836 717 2913 Ecdicio,
732 2835 825 2898 cicius
845 2845 894 2898 est
918 2835 1063 2898 iudicare
1081 2836 1121 2898 de
1136 2857 1211 2900 uero
1225 2856 1320 2899 sensu
1336 2847 1369 2898 et
1385 2837 1527 2916 interpre·
1579 2893 1580 2904 ,

438 2943 558 3008 tatione
576 2941 826 3021 Scripturarum
849 2948 1066 3018 sannanim,-
1081 2949 1179 3022 atque
1203 2939 1272 3003 idco
1297 2941 1428 3003 nemini
1450 2939 1530 3002 licere

437 3057 548 3110 contra
570 3045 656 3106 hunc
673 3063 803 3105 sensum
827 3041 999 3105 autetiam
1014 3053 1126 3106 contra
1149 3043 1340 3106 unanimem
1354 3063 1528 3106 consensum

278 3207 412 3254 suavem
437 3151 583 3214 Patrum
606 3149 711 3228 ipsam
739 3147 947 3228 Scripturam
969 3167 1098 3210 sacram
1114 3145 1325 3228 interpretari
1339 3147 1392 3230 (³).
1409 3181 1453 3192 -
1468 3145 1529 3228 Qua

262 3273 410 3334 interprera-
439 3257 538 3338 plena
553 3253 738 3333 sapientiae
748 3251 821 3332 lege
832 3269 1045 3333 nequaquam
1059 3250 1210 3314 Ecclesia
1224 3251 1527 3332 pervestigationem

273 3337 412 3451 ,3ῗίξῇ
439 3359 597 3424 scientiae
614 3356 757 3420 biblicae
774 3356 922 3418 retardat
946 3366 1005 3420 aut
1019 3361 1150 3418 coercet
1165 3375 1174 3434 ;
1189 3354 1248 3420 sed
1264 3372 1339 3417 eam
1367 3354 1479 3435 potius
1492 3352 1526 3413 ab

295 3469 411 3516 scientiae
438 3485 547 3529 errore
563 3464 727 3543 integram
756 3468 913 3542 praestat,
929 3459 1179 3542 plurimumque
1203 3458 1246 3522 ad
1275 3477 1390 3520 veram
1408 3457 1528 3522 adiuvat

294 3533 411 3648 ffl'ssffi’
439 3568 716 3653 progressionem.
735 3563 825 3627 Nam
842 3564 975 3645 privato
991 3564 1111 3644 cuique
1132 3562 1260 3626 doctori
1289 3581 1436 3644 magnus
1451 3567 1527 3643 patet

263 3663 411 3776 wlff·
439 3690 587 3753 campus,
603 3671 635 3731 in
663 3687 740 3750 qu0,
757 3667 838 3731 tutis
866 3667 1026 3748 vestigiis,
1041 3685 1102 3729 sua
1118 3666 1361 3746 interpretandi
1379 3662 1526 3728 industria
1575 3651 1576 3660 ’

279 3795 412 3842 Doctorum
440 3775 607 3857 praeclare
624 3783 728 3837 certet
745 3771 984 3854 Ecclesiaeque
1001 3770 1136 3834 utiliter.
1155 3767 1193 3832 ln
1223 3767 1304 3831 locis
1329 3769 1467 3851 quidem
1490 3765 1527 3827 di·
1574 3809 1575 3844 ,

263 3861 413 3974 {fffflss‘j
439 3885 535 3948 vinae
567 3877 758 3960 Scripturae
789 3877 846 3959 qui
878 3875 1125 3956 expositionem
1156 3881 1281 3936 certam
1312 3883 1347 3936 et
1369 3871 1525 3936 definitam

275 3993 413 4104 urr‘tussr'ma
439 3987 549 4049 adbuc
565 3983 767 4060 desiderant,
782 3979 867 4043 effici
885 3980 932 4041 ita
943 3988 1064 4060 potest,
1080 3997 1124 4040 ex
1141 3977 1235 4040 suavi
1254 3975 1319 4038 Dei
1337 3973 1525 4057 providentis

262 4072 310 4104 Sim
323 4093 329 4106 a

471 4169 490 4202 r.
504 4157 527 4202 S.
543 4155 609 4199 Hier.
623 4153 655 4198 ad
668 4153 759 4198 Paulin.
773 4151 811 4196 De
819 4149 901 4196 studio
911 4149 1001 4208 Script.
1014 4155 1047 4207 ep.
1061 4157 1118 4200 nm,
1132 4161 1153 4203 4
1167 4169 1196 4178 -
1211 4158 1233 4192 α.
1249 4145 1274 4192 C.
1287 4145 1362 4198 haer..
1375 4153 1410 4196 lv,
1425 4145 1459 4194 ro.
1471 4155 1488 4200 5,
1505 4161 1525 4170 -

440 4246 461 4291 3.
475 4229 533 4274 Sess.
547 4237 585 4280 111,
598 4233 647 4284 cap.
664 4235 691 4277 11,
709 4225 737 4269 de
751 4224 821 4269 revel.
842 4222 880 4282 Cf.
890 4221 966 4268 Cone.
984 4221 1052 4272 Trid.
1068 4233 1118 4265 sess.
1135 4227 1170 4270 lv,
1187 4216 1249 4263 decr.
1267 4215 1296 4262 de
1309 4216 1365 4262 edit.
1385 4221 1409 4260 et
1419 4229 1460 4260 uss
1476 4225 1522 4256 sacr-

441 4301 523 4348 libror.
568 4349 571 4354 ,
