3216 4880
432 307 504 376 320
786 299 906 350 rnnnx
933 297 1186 350 ananrrrcus

430 452 599 524 obsequium
620 467 720 506 omnes
742 458 887 520 praestare
900 447 1006 502 debent
1029 460 1071 516 45.
1085 477 1120 486 -
1143 447 1296 516 Sapienter
1317 463 1386 519 ergo
1406 450 1513 504 Ecclesia

395 531 397 537 ⁸
429 542 504 609 fecit,
525 541 593 594 dum
613 540 642 592 in
664 537 802 594 societate
826 536 949 606 perstitit
972 553 1037 590 cum
1057 535 1143 591 variis
1163 545 1262 592 nostro
1288 539 1403 592 saeculo
1425 538 1513 592 Galliae

429 628 605 700 principibus
617 646 624 692 ;
638 642 731 697 neque
744 625 825 680 aliter
844 640 875 680 se
888 634 987 692 gerant
1009 623 1112 678 Gallici
1130 623 1207 678 cives
1227 623 1366 679 adversus
1384 625 1513 678 hodiernos

428 717 600 788 reipublicae
613 716 808 769 moderatores
821 725 864 781 43.
878 743 912 752 -
923 712 985 766 Nec
1005 711 1075 765 illud
1091 712 1295 782 opponendum
1308 713 1386 782 quod
1399 712 1483 782 inique
1493 729 1514 765 se

428 815 528 876 gerant
542 803 736 868 moderatores
758 800 895 855 adversus
918 798 1102 864 Ecclesiam;
1125 801 1202 868 leges
1223 799 1301 853 enirn
1323 816 1341 853 a
1362 799 1515 869 principibus

428 895 503 947 latae
523 891 640 945 omnino
665 888 797 942 differunt
820 904 885 942 curn
909 887 1035 964 ipsorum
1057 887 1186 956 imperio,
1199 897 1378 957 possuntque
1398 889 1449 941 sub
1464 903 1516 956 qno¹

428 978 497 1032 libet
521 975 649 1046 imperio,
665 975 760 1043 justae
773 972 906 1028 constitui
919 973 1006 1041 leges,
1023 989 1135 1027 necnon
1154 982 1182 1027 et
1202 973 1335 1043 injustae,
1354 975 1431 1044 quod
1448 973 1516 1028 histo

428 1067 470 1120 ria
485 1073 607 1120 testatur
624 1081 630 1116 :
648 1079 699 1132 pro
719 1060 889 1130 legislatoris
902 1075 1006 1128 nempe
1018 1059 1124 1128 animo,
1138 1077 1196 1114 non
1217 1076 1285 1114 vero
1315 1077 1368 1130 pro
1392 1060 1450 1130 ipsa
1467 1060 1517 1114 civi·

426 1154 494 1206 tatis
507 1149 607 1218 forma,
619 1159 701 1203 erunt
714 1148 792 1216 leges
806 1147 849 1202 vel
865 1148 959 1201 bonae
970 1146 1014 1200 vel
1022 1145 1116 1200 malae
1128 1146 1220 1214 4946.
1236 1175 1270 1185 -
1280 1147 1444 1223 Nonnullae
1453 1149 1515 1219 leges

427 1239 522 1294 alieno
547 1235 715 1306 areligione
731 1234 828 1290 animo
848 1234 927 1290 hisce
945 1234 1122 1303 temporibus
1141 1233 1169 1288 in
1190 1234 1294 1302 Gallia,
1307 1235 1387 1291 haud
1408 1238 1480 1291 salua
1497 1253 1518 1290 re

426 1326 511 1395 civili,
525 1326 653 1380 sancitae
673 1325 793 1391 fuerunt,
807 1323 843 1377 de
863 1321 966 1393 quihus
987 1333 1048 1376 tum
1071 1322 1134 1392 ipse
1155 1321 1287 1378 Pontifex
1304 1335 1367 1378 turn
1387 1319 1519 1380 Antistites

427 1417 541 1471 Galliae
565 1411 714 1483 conquesti
741 1421 806 1465 sunt
830 1429 837 1474 3
857 1420 884 1464 et
909 1419 1048 1480 quotquot
1071 1409 1167 1464 Gallia
1190 1411 1313 1466 honesto
1337 1412 1437 1467 animo
1458 1413 1519 1467 circs

428 1503 522 1571 habet,
536 1501 565 1554 hi
587 1517 688 1555 onmes
707 1499 762 1553 illis
782 1499 901 1566 legibus,
914 1513 951 1552 ne
971 1497 1172 1566 pessumdetur
1192 1498 1294 1568 patria,
1313 1499 1452 1555 obsistere
1468 1517 1518 1554 con·

423 1589 531 1658 junctis
541 1587 649 1642 viribus
658 1586 771 1640 debent.
787 1585 854 1639 Non
865 1583 942 1639 enim
956 1584 1054 1640 debito
1064 1584 1241 1656 principibus
1254 1587 1396 1657 obsequio
1409 1587 1447 1641 illi
1458 1587 1518 1642 cives

428 1675 530 1730 desunt
549 1674 597 1744 qui
618 1690 719 1744 parere
739 1672 852 1742 injustis
874 1671 985 1741 legibus
1006 1681 1140 1728 recusant
1154 1691 1160 1728 :
1175 1675 1247 1730 tales
1260 1691 1366 1745 nempe
1379 1675 1455 1745 leges
1475 1690 1517 1727 non

424 1761 632 1830 observandae,
645 1761 696 1815 sed
710 1760 908 1832 reprobandae
921 1771 986 1815 sunt
1000 1762 1091 1826 46-47.
1110 1791 1141 1800 -
1154 1762 1311 1817 Praeclaris
1333 1763 1373 1816 D.
1387 1762 1518 1832 Augustini

425 1851 520 1908 verbis
538 1851 611 1905 haec
623 1850 754 1905 doctrina
771 1851 927 1905 illustratur
939 1863 982 1916 47.
1001 1851 1173 1905 -Generis
1192 1851 1311 1905 humani
1330 1851 1518 1907 conscientian

423 1939 586 1994 edicentem
606 1937 676 2007 quid
698 1938 770 2006 Deo,
790 1935 859 2007 quid
877 1935 999 2006 principi
1018 1937 1165 2006 debeatur,
1187 1953 1336 2007 nunquam
1359 1935 1519 1992 detestabilis

426 2024 575 2078 atheorum
598 2022 728 2076 doctrina
749 2032 877 2077 evertere
896 2021 1018 2088 valebit3
1045 2023 1195 2094 nullusque
1219 2039 1312 2094 aequa
1332 2034 1431 2078 mente
1450 2023 1518 2075 hono

427 2109 538 2164 Galliae
549 2109 712 2164 Catholicos
723 2108 934 2179 improbaturus
944 2120 996 2177 est,
1006 2109 1074 2163 dum
1086 2109 1187 2164 Fidem
1200 2109 1316 2178 tuendo,
1329 2111 1441 2181 patriae
1453 2107 1518 2164 simul

425 2199 577 2254 consulunt
596 2197 680 2251 saluti
693 2209 721 2252 et
733 2197 841 2266 gloriae
851 2199 931 2263 48.-
946 2199 1092 2256 Nonnulla
1102 2207 1207 2254 tractat
1218 2198 1352 2254 Pontifex
1360 2201 1398 2254 de
1413 2201 1516 2254 Concor·

428 2287 497 2340 dato
507 2295 536 2340 et
546 2286 581 2339 de
595 2285 774 2354 separatione
788 2285 960 2355 reipublicae
973 2287 1010 2339 ab
1024 2287 1156 2341 Ecclesia
1175 2288 1266 2354 48-49.
1283 2315 1319 2326 -
1343 2287 1483 2356 Judicium
1493 2287 1519 2341 de

425 2373 607 2428 Concordato
633 2372 772 2427 Catholici
794 2374 822 2426 S.
838 2373 905 2426 Sedi
926 2371 1086 2442 relinquant
1097 2394 1105 2440 3
1124 2375 1334 2443 separationem
1360 2391 1429 2431 vero
1446 2377 1518 2444 reipu-

426 2459 516 2514 blicae
535 2461 573 2514 ab
594 2460 725 2516 Ecclesia
746 2475 783 2512 ne
799 2471 997 2529 propugnent:
1017 2460 1141 2515 absurda
1156 2460 1232 2514 eninr
1252 2471 1296 2515 est
1313 2461 1518 2529 haecdoctrina

424 2564 577 2617 quaecum
586 2547 759 2616 reipublicae
769 2545 806 2600 sit
819 2547 924 2601 civium
932 2547 995 2617 jura
1009 2549 1125 2611 tueriea
1138 2547 1202 2617 ipsa
1209 2548 1273 2619 jura
1280 2565 1316 2603 eo
1324 2549 1448 2606 destruit
1458 2549 1518 2620 quod

424 2637 502 2704 leges
515 2635 636 2704 divinas,
653 2635 758 2705 jurium
777 2637 905 2689 omniurn
923 2637 1026 2703 fontes,
1040 2653 1091 2706 pro
1102 2636 1190 2692 nihilo
1210 2635 1373 2693 incivitate
1393 2637 1518 2694 ducendas

425 2738 489 2777 esse
502 2723 586 2779 docet
598 2737 640 2792 49.
664 2753 699 2762 -
714 2725 851 2793 Quamvis
874 2723 951 2778 illam
972 2725 1130 2779 doctrinam
1144 2725 1297 2780 defendere
1318 2727 1392 2782 nulli
1413 2741 1518 2797 unquam

424 2812 516 2880 liceat,
529 2823 623 2882 potest
641 2823 738 2867 tamen
751 2813 779 2866 in
794 2814 878 2868 certis
901 2813 1065 2882 regionibus
1085 2813 1229 2884 separatio
1242 2814 1421 2886 reipublicae
1431 2817 1466 2871 ab
1478 2815 1518 2867 Ec·

425 2899 513 2955 clesia
524 2901 636 2956 tolerari
646 2917 680 2968 49
685 2922 692 2966 ;
702 2931 737 2940 -
746 2919 803 2957 non
816 2919 881 2956 vero
892 2902 920 2956 in
930 2902 1032 2969 Gallia,
1045 2903 1150 2973 quippe
1160 2919 1233 2973 quae
1245 2905 1391 2960 catholica
1403 2922 1469 2975 gens
1480 2915 1519 2957 est.

424 2989 469 3042 Eo
482 2989 526 3042 vel
540 2989 634 3043 minus
648 2989 712 3043 talis
726 2988 916 3058 separationis
929 2989 1118 3059 patrocinium
1133 2989 1274 3045 Catholici
1288 2991 1317 3045 in
1339 2991 1435 3046 Gallia
1447 2987 1517 3044 susci·

424 3091 492 3145 pere
513 3086 642 3144 possunt,
652 3077 844 3145 quod-eorum
861 3075 909 3146 qui
931 3075 1023 3146 ipsam
1043 3087 1196 3145 sectantur,
1209 3077 1437 3134 infensissimum
1458 3075 1518 3130 Reli-

424 3163 501 3233 gioni
515 3163 642 3218 animum
653 3164 760 3233 optime
779 3174 918 3218 noverunt
931 3179 1021 3234 49-50.
1035 3195 1070 3204 -
1085 3165 1140 3220 His
1150 3165 1251 3220 litteris
1265 3175 1390 3221 tractata
1404 3165 1518 3220 Pontifex

425 3248 541 3318 colligit,
552 3261 580 3304 et
603 3261 698 3320 sperat
712 3250 761 3305 illa
773 3253 894 3305 multum
910 3253 1058 3320 profutura
1071 3252 1108 3306 ad
1122 3251 1209 3307 falsas
1223 3251 1377 3322 opiniones
1400 3253 1519 3324 repellen-

423 3335 484 3401 das‚
498 3346 526 3390 et
540 3335 752 3392 Catholicorum
770 3337 882 3392 animos
904 3337 976 3394 inter
995 3355 1026 3393 se
1045 3337 1241 3394 conciliandos
1263 3351 1304 3408 50.
1318 3369 1356 3380 -—
1375 3341 1517 3411 Episcopus

423 3423 591 3478 adhortatur
604 3435 634 3478 ut
652 3441 752 3495 pacem
764 3425 842 3480 omni
852 3442 940 3496 opera
953 3435 1104 3496 procurent
1114 3427 1303 3496 ;reipublicae
1314 3445 1384 3482 vero
1393 3425 1519 3499 principes

422 3511 538 3567 contidit
551 3529 568 3566 a
582 3529 613 3567 se
632 3513 709 3568 dicta
724 3531 923 3584 perpensum,
937 3531 1011 3586 quae
1024 3514 1140 3586 quidem
1155 3515 1192 3570 ad
1209 3517 1332 3571 salutem
1346 3515 1456 3570 Galliae
1467 3527 1517 3581 spe·

424 3611 502 3656 etant
515 3613 604 3669 5051.

457 3720 505 3772 10.
516 3723 806 3776 ALLOCUTIOad
814 3725 932 3775 S.R.E.
944 3725 1186 3777 Cardlnales.-
1195 3717 1212 3776 1ι
1221 3726 1480 3790 Martl892pag.
1493 3729 1516 3783 5:

458 3838 590 3894 Pontifex
611 3839 720 3906 jamdiu
739 3839 809 3896 fovit
828 3840 979 3896 consilium
1005 3843 1163 3898 Innocentii
1189 3843 1234 3897 111
1256 3841 1426 3898 memoriam
1444 3841 1517 3894 hono·

421 3927 503 3980 randi
517 3945 524 3992 ;
538 3927 593 3981 hoc
609 3937 713 3996 autem,
735 3939 864 4000 tempore
884 3929 1056 4001 episcopalis
1068 3930 1111 3986 sui
1131 3929 1288 3998 ministerii,
1303 3930 1458 3999 adimplere
1474 3920 1516 3978 sibi

421 4031 478 4068 non
500 4015 600 4070 datum
613 4025 665 4083 est,
679 4017 731 4072 sed
748 4034 823 4072 nunc
836 4027 916 4072 tanto
930 4017 1044 4087 dignius
1057 4019 1095 4073 ad
1113 4018 1246 4074 effectum
1264 4018 1422 4088 perducere
1433 4012 1516 4084 potnit

421 4112 528 4172 quanto
541 4103 673 4158 Ecclesia
688 4105 867 4159 Cathedralis
878 4105 1009 4161 Romana
1022 4105 1177 4162 Perusinae
1186 4116 1313 4176 praestat
1327 4119 1367 4174 52.
1383 4134 1419 4143 -
1432 4103 1514 4156 llonu-

421 4201 547 4244 mentum
567 4191 595 4244 in
614 4191 732 4247 basilica
754 4193 939 4263 Lateranensi
960 4205 1133 4250 exstructum
1156 4194 1193 4248 ad
1215 4203 1341 4248 mentem
1355 4190 1463 4247 reducit
1480 4187 1515 4241 itu

421 4277 478 4332 duo
492 4281 610 4334 consilia
630 4283 727 4352 magni
749 4283 831 4338 istius
845 4283 1011 4339 Pontificis:
1031 4284 1257 4356 redemptionem
1276 4284 1386 4338 Terrae
1408 4281 1514 4335 Sanctae
