3296 4886
525 473 896 558 ALLOCUTIO

406 723 473 784 nu
497 725 535 786 s.
556 725 600 784 R.
623 725 664 786 rs.
685 709 1010 786 cunurnnnbs

170 829 189 841 ,r

165 850 188 863 t·
1227 847 1232 855 ⁵
1247 850 1253 862 ⁸

185 869 188 875 ,
1227 867 1232 875 ι

194 888 1129 899 ............................................................................................
1179 894 1233 901 NJ...

157 932 169 951 -.
235 919 410 939 ···········
465 920 482 939 ν
577 911 1158 964 mmmmm
1173 922 1217 943 ·
1249 933 1262 955 .·

342 1098 395 1150 οΝ
406 1097 473 1150 EST
482 1105 567 1168 opus
581 1085 687 1152 multa
700 1087 862 1151 disserere
873 1086 964 1171 apud
975 1094 1086 1163 vos,ut
1099 1086 1264 1178 intelliga-
1330 1105 1395 1192 υἱέε

355 1191 399 1252 tis
415 1188 637 1254 domesticum
655 1211 731 1254 cum
750 1191 902 1255 Ecclesia
918 1198 1100 1269 certamen,
1111 1191 1264 1272 quamvis
1329 1201 1402 1266 1891.

204 1207 283 1368 N
355 1313 422 1358 non
436 1313 504 1360 uno
519 1313 650 1375 semper
662 1303 777 1358 tenore
793 1295 972 1360 violentiae
981 1303 1125 1378 geratur,
1134 1293 1263 1358 verissi-
1291 1315 1439 1366 [2012er

190 1423 263 1472 aava
356 1418 410 1463 me
422 1407 536 1462 tamen
549 1399 666 1462 indies
678 1399 915 1480 ingravescere.
927 1398 1005 1462 Plus
1018 1399 1123 1462 nimio
1135 1398 1263 1462 italica·
1290 1383 1440 1497 {sarm

151 1523 226 1568 rum
242 1523 354 1567 rerum
371 1521 477 1584 perse
494 1502 641 1585 loquitur
653 1521 776 1567 cursus.
787 1539 831 1550 -
843 1502 1012 1568 Videlicet
1024 1504 1146 1584 premit
1161 1511 1263 1586 atque
1289 1513 1402 1563 Ecclesn

150 1618 248 1689 urget
280 1605 437 1670 vecordia
463 1605 622 1690 pertinax
654 1606 875 1686 inimicorum,
899 1607 1021 1690 quibus
1045 1607 1262 1672 circumventi
1289 1585 1439 1693 mm,

148 1730 289 1774 sumus:
313 1708 371 1792 qui
399 1718 470 1774 arte
483 1707 599 1774 conlisi
616 1709 751 1792 dispari,
776 1711 899 1793 partim
925 1711 1060 1793 quidem
1087 1711 1261 1794 propalam
1284 1725 1435 1824 marm,

147 1826 253 1896 atque
269 1812 389 1878 acerbe
410 1822 614 1895 grassantur,
640 1812 696 1876 alii
721 1833 780 1896 per
804 1813 973 1878 occultum
1000 1823 1035 1878 et
1059 1813 1092 1877 in
1116 1814 1261 1896 speciem
1288 1843 1369 1906 ipsam
1381 1848 1440 1906 pra-

147 1917 268 1982 lenius.
286 1915 403 1981 Unum
420 1934 528 1998 genus
543 1925 595 1979 est
607 1935 733 1995 eorum,
749 1916 806 1999 qui
818 1916 985 1980 infensum
1003 1917 1153 1980 animum
1167 1917 1261 1980 dissi·
1284 1907 1439 2020 idmnjm·

147 2019 280 2085 mulare
310 2020 396 2084 adeo
420 2039 488 2083 non
514 2029 642 2097 curant,
667 2029 705 2083 ut
729 2020 842 2103 potius
870 2039 950 2103 prae
976 2039 1012 2083 se
1028 2019 1156 2084 serant:
1172 2020 1262 2104 iique
1283 1979 1413 2102 {lllmper'

145 2124 252 2206 vulgo
269 2123 444 2202 iactantes,
455 2122 590 2186 hostilia
606 2123 777 2206 quaelibet
800 2125 959 2188 adversus
986 2123 1184 2188 Pontificem
1210 2144 1260 2189 ro·
1287 2105 1417 2152 mm·

144 2246 298 2304 manum,
323 2234 361 2290 ut
392 2227 551 2290 adversus
575 2226 719 2305 hostem,
743 2227 908 2304 audenda,
935 2245 1039 2290 novas
1066 2226 1260 2292 iniuriarum

142 2351 282 2397 caussas
295 2333 446 2418 quotidie
457 2335 650 2417 exquirunt,
662 2355 700 2400 ac
714 2335 805 2398 velut
822 2343 939 2418 aperto
952 2333 1079 2416 praelio
1089 2335 1260 2401 dimicant.

142 2433 346 2500 Remotiora
362 2455 404 2499 ne
421 2447 621 2518 repetamus,
639 2457 754 2514 recens
771 2447 822 2501 est
839 2456 953 2500 earum
968 2437 1129 2501 memoria
1142 2457 1261 2516 rerum,
1316 2445 1437 2495 Adnun-

380 2541 388 2556 .
498 2541 504 2555 .
595 2543 603 2558 .
735 2543 742 2558 .
1023 2543 1030 2556 .
1287 2517 1439 2561 temrevucat

142 2559 229 2622 quas
248 2539 389 2605 Octobn
406 2561 565 2624 proximo
593 2561 627 2605 ru
655 2541 760 2606 oculrs
788 2562 893 2626 prope
916 2541 1050 2606 Nostns
1077 2552 1261 2625 patravere.
1282 2577 1426 2642 peregrinis

143 2643 318 2708 Nimirum
335 2664 411 2708 cum
436 2655 507 2709 tam
533 2644 721 2710 luculentas
745 2646 1007 2730 significationes
1034 2655 1150 2711 tantae
1175 2647 1259 2712 mul·
1286 2643 1428 2771 Ξῖπὲῑζζέἔ

141 2749 301 2812 titudinis
314 2748 496 2830 asperrime
509 2759 712 2831 paterentur,
722 2751 875 2834 adeoque
888 2751 1082 2833 perturbare
1094 2770 1151 2814 eas
1167 2771 1259 2816 omm
1287 2774 1374 2822 arrasa,
1396 2774 1436 2822 a..

142 2851 341 2916 conditione
356 2853 591 2930 decrevissent,
607 2850 754 2917 effudere
777 2853 849 2916 sine
873 2853 1038 2917 modestia
1065 2854 1137 2915 sine
1157 2854 1260 2917 modo
1278 2841 1436 2968 {um-“¹

142 2953 239 3036 quod
255 2953 425 3018 habebant
441 2953 591 3020 clausum
608 2955 642 3019 in
659 2966 806 3038 pectore:
823 2957 869 3020 nil
886 2957 981 3020 veriti
991 2955 1175 3039 exagitare,
1188 2957 1260 3020 sine
1285 2921 1434 3020 slaqmcorwi-

142 3058 236 3120 iusta
264 3077 391 3137 caussa,
417 3059 575 3124 atrociter
599 3061 697 3126 dictis
713 3059 876 3144 factisque
906 3061 1060 3125 homines
1091 3061 1258 3136 innoxios,
1284 3051 1438 3164 21lele

140 3163 274 3244 pietate
290 3180 358 3224 non
374 3161 528 3227 civilibus
543 3163 664 3227 studiis
678 3183 816 3246 peregre
832 3163 1010 3228 advectos:
1035 3163 1183 3247 itemque
1211 3163 1257 3226 la·
1276 3167 1362 3245 suun
1378 3167 1415 3215 ’ῦ-

142 3283 286 3341 cessere,
298 3265 410 3330 Roma
422 3274 518 3344 teste,
535 3265 741 3346 Pontificem,
758 3267 865 3332 mistis
882 3267 969 3331 inter
984 3267 1136 3332 convicia
1150 3269 1258 3332 minis.
1283 3237 1406 3362 ‘fimi

143 3367 177 3432 N
184 3387 250 3431 unc
266 3369 432 3451 progressi
443 3369 585 3454 longius,
595 3371 681 3436 ciere
698 3371 1174 3454 scriptis,c0ncionibus,ltalia
1186 3374 1259 3437 tota
1284 3363 1367 3495 2222
1373 3377 1438 3476 1¹:¹5:

142 3471 409 3550 multitudinem,
434 3473 573 3538 connixi
600 3493 660 3557 per
675 3473 835 3559 suffragia
850 3473 1026 3557 popularia
1053 3473 1205 3538 evincere
1223 3485 1258 3540 ut
1285 3504 1315 3546 ‚a
1336 3493 1436 3544 christi

141 3583 268 3659 agatur
283 3595 359 3640 cum
378 3576 466 3642 lusu
484 3577 643 3644 CHRISTI
661 3578 798 3644 Vicario
814 3579 939 3656 durius,
952 3598 1012 3642 nec
1025 3577 1101 3662 plus
1114 3578 1143 3642 ei
1160 3579 1257 3644 relin·
1283 3561 1437 3691 {ww

142 3687 270 3762 quatur
285 3679 374 3758 iuris,
388 3699 490 3763 quam
506 3691 671 3764 quantum
688 3683 820 3765 privato
844 3682 982 3746 cuilibet
1001 3679 1074 3764 lege
1090 3681 1257 3748 tribuitur.
1284 3708 1361 3758 quam
1378 3689 1435 3766 pns-

143 3783 270 3864 Neque
286 3793 399 3848 tamen
416 3785 444 3847 is
460 3805 561 3867 prave
577 3795 772 3870 coeptorum
788 3785 921 3851 futurus
948 3785 1023 3849 finis
1037 3809 1044 3850 :
1070 3806 1105 3850 se
1132 3787 1258 3869 quippe
1284 3755 1435 3886 {mlh

141 3885 233 3952 velle
261 3885 408 3952 latentur
433 3887 666 3970 pontificatum
694 3891 805 3975 ipsum
832 3890 1004 3974 perimere,
1029 3889 1195 3972 huiusque
1211 3891 1256 3956 rei
1281 3890 1387 4004 unffi·

140 3990 269 4055 caussa
283 4009 496 4075 nequaquam
512 4004 732 4073 recusaturos,
742 3995 770 4058 si
786 3994 923 4078 quando
939 3991 1081 4058 facultas
1094 3994 1258 4072 inciderit,
1284 4022 1434 4084 ,mmm

140 4093 189 4159 ad
205 4091 276 4158 viru
293 4093 559 4160 descendere-
575 4097 616 4162 Id
632 4099 771 4181 quidem
788 4097 900 4182 palam
929 4116 996 4161 non
1026 4097 1152 4160 audent
1180 4117 1257 4181 pars
1284 4086 1395 4216 afim
1407 4149 1438 4198 va·

142 4195 255 4262 altera
271 4195 501 4262 inimicorum:
525 4199 723 4282 quinetiam
740 4200 907 4265 exercitas
922 4217 999 4264 cum
1018 4199 1170 4263 Ecclesia
1196 4199 1256 4262 ini·
1284 4217 1406 4274 aarum,

140 4297 294 4366 micitias
310 4298 420 4364 verbis
435 4309 564 4383 tegunt,
574 4313 631 4368 aut
648 4303 800 4387 quaesita
816 4303 1034 4366 excusatione
1059 4300 1255 4366 defenduut.
1277 4285 1425 4348 perimam
1425 4314 1432 4328 ·
