3216 4880
406 262 478 347 316
759 279 881 329 1110011
909 280 1161 330 1011111005.

404 427 441 482 ab
454 427 536 482 initio
556 427 670 484 Fideles
683 429 761 484 filiali
784 429 887 484 affectu
906 440 972 485 sunt
990 431 1132 500 prosecuti
1148 430 1270 497 3intima
1283 429 1418 484 nimirum
1442 442 1505 480 voce

403 513 525 582 animae,
540 515 662 586 fideique
686 515 801 572 divinae
824 517 949 586 impulsu
972 519 1009 573 ad
1031 517 1155 574 Mariam
1177 520 1305 588 rapimur
1330 531 1371 571 11,
1389 545 1423 554 -
1444 515 1506 568 11105

402 601 586 670 reprehendit
607 603 738 658 Pontifex
749 604 796 674 qui
816 603 931 659 salutari
946 604 1014 660 huic
1026 605 1113 660 cultui
1127 605 1235 676 aliquid
1248 605 1403 660 detrahunt
1420 617 1459 656 11.
1477 630 1506 639 -

403 689 516 742 Rosarii
531 689 727 746 recitationem
745 692 863 761 extollit,
876 693 911 747 iis
923 695 1092 762 praesertim
1106 693 1288 748 utilissimam
1301 694 1351 764 qui
1364 691 1503 760 mysteria,

403 775 471 829 dum
485 787 576 846 orant,
591 779 763 833 meditantur
774 795 899 834 11-12.-
913 781 1027 836 Rosarii
1041 781 1181 852 originem
1195 782 1311 852 exponit
1321 800 1329 846 ;
1341 779 1507 848 Albigenses

402 864 599 932 devictos,alia
617 865 765 922 innumera
783 869 860 923 mala
878 869 1021 938 propulsa,
1034 870 1147 925 favores
1166 871 1336 940 impetratos
1348 867 1398 922 illa
1417 883 1508 937 preca·

402 954 481 1007 tione
500 963 638 1010 memorat
660 969 700 1009 12.
714 983 748 994 -
762 956 875 1012 Rosarii
895 974 963 1012 usus
977 958 1042 1012 ideo
1055 958 1131 1029 apud
1145 975 1247 1013 omnes
1260 955 1380 1012 invaluit
1394 953 1472 1025 quod
1484 953 1507 1005 in

402 1057 437 1096 eo
452 1042 533 1096 Fidei
546 1054 655 1099 tessera
667 1055 695 1098 et
706 1063 818 1100 summa
831 1047 923 1102 cultus
934 1047 1128 1118 B.M.Virgini
1137 1047 1226 1102 debiti
1240 1047 1336 1102 inesse
1348 1043 1462 1100 videtur
1474 1057 1508 1110 10

403 1159 438 1169 -
452 1130 608 1202 Siquando
621 1133 715 1188 abilla
725 1133 879 1190 devotione
888 1135 1046 1190 relaxatum
1057 1135 1157 1205 fuerat,
1167 1152 1243 1204 mox,
1257 1135 1405 1204 ingruente
1418 1133 1509 1203 aliqua

403 1219 575 1286 calamitate,
590 1221 704 1274 Fideles
717 1221 754 1275 ad
774 1223 850 1276 illatn
864 1235 1051 1284 recurrerunt.
1067 1234 1096 1280 ut
1107 1223 1213 1280 nostris
1230 1222 1407 1293 temporibus
1417 1219 1510 1275 videre

404 1318 455 1374 est,
471 1323 654 1376 magnacum
668 1308 773 1364 fiducia
791 1311 919 1366 eventuri
934 1309 1084 1366 Ecclesiae
1102 1309 1237 1382 triumphi
1253 1326 1293 1379 13.
1312 1340 1347 1350 -
1369 1310 1443 1364 Sunt
1465 1309 1509 1377 qui

403 1393 536 1464 precibus
547 1395 608 1463 jam
621 1394 762 1464 diffidunt,
773 1399 811 1451 ob
823 1397 1007 1468 perdurantia
1025 1399 1173 1455 Ecclesiae
1187 1399 1271 1454 mala.
1285 1397 1429 1452 Studeant
1443 1397 1510 1450 tales

404 1481 553 1538 virtutibus
566 1499 668 1538 ornare
681 1502 780 1555 preces
794 1503 870 1556 5005,
883 1489 1038 1557 animoque
1051 1489 1210 1557 recogitent
1224 1503 1282 1542 non
1298 1503 1363 1541 esse
1383 1495 1510 1540 nostruin
1579 1537 1580 1562 ,

403 1587 489 1625 00550
520 1583 650 1642 tempora
679 1573 725 1628 vel
753 1586 900 1629 momenta
921 1592 995 1646 quae
1017 1575 1101 1630 Pater
1124 1575 1218 1645 posuit
1237 1575 1266 1629 10
1286 1591 1338 1629 500
1361 1582 1510 1644 potestate,
1579 1629 1580 1642 ,

402 1670 538 1730 certoque
559 1661 651 1714 sciant
668 1677 781 1732 semper
793 1662 921 1718 exaudiri
943 1680 961 1718 a
983 1665 1047 1718 Deo
1070 1680 1170 1734 preces
1191 1681 1243 1734 pro
1266 1662 1400 1717 Ecclesia
1427 1661 1509 1718 fusas.
1579 1675 1580 1680 ¹

403 1757 500 1818 utpote
522 1749 653 1818 precibus
673 1751 841 1820 conjunctas
859 1752 948 1823 ipsius
969 1750 1074 1806 Christi
1097 1752 1145 1823 qui
1170 1751 1297 1823 seipsum
1319 1749 1441 1806 tradidit
1463 1766 1509 1818 010

404 1837 544 1911 Ecclesia,
557 1849 585 1893 et
599 1856 712 1910 semper
725 1840 793 1895 vivit
806 1840 844 1896 ad
857 1841 1096 1912 interpellandum
1117 1859 1169 1911 010
1191 1841 1274 1896 001115
1297 1855 1337 1906 14,
1351 1869 1386 1880 -
1402 1839 1509 1893 Virtute

402 1925 537 1980 orationis
550 1926 686 1995 frangitur
700 1931 839 1984 malorum
853 1930 985 2000 impetus,
998 1931 1150 2001 mediaque
1163 1929 1346 1985 tribulatione
1359 1929 1444 1984 floret
1460 1928 1508 1982 Ec·

402 2009 498 2077 clesia,
510 2025 545 2064 ac
559 2009 645 2065 finem
664 2013 779 2080 attingit
796 2013 833 2068 ad
846 2031 931 2084 quem
949 2025 1018 2070 nata
1035 2003 1089 2083 es‘t,
1102 2016 1225 2070 salutem
1245 2012 1408 2067 animarum
1426 2024 1508 2078 14-15.

402 2126 437 2136 -
460 2097 609 2152 Orandum
626 2100 711 2168 igitur
726 2111 951 2170 perseveranter,
965 2119 1133 2174 summaque
1152 2101 1323 2168 reverentia,
1333 2115 1368 2154 ac
1381 2115 1420 2154 ea
1438 2101 1510 2154 bona

402 2185 431 2240 in
446 2185 547 2252 0110115
557 2187 690 2256 petenda,
703 2206 777 2259 0000
793 2189 966 2244 adsalutem
980 2191 1141 2244 animarum
1154 2201 1182 2246 et
1198 2189 1348 2244 Ecclesiae
1362 2186 1508 2242 incolumi·

403 2283 491 2328 tatem
505 2285 644 2343 spectant,
657 2277 828 2346 temporalia
841 2295 907 2334 vero
927 2278 1003 2332 bona
1025 2293 1076 2348 010
1098 2278 1153 2332 Dei
1174 2287 1244 2332 nutu
1266 2286 1402 2347 petantur
1419 2287 1461 2344 15.
1480 2303 1509 2312 -

404 2361 562 2417 Praeclatis
583 2363 719 2420 orationis
739 2366 825 2420 ermis
844 2366 999 2435 jungantur
1012 2365 1204 2435 poenitentiae
1222 2380 1313 2433 arma,
1326 2373 1428 2433 utpote
1449 2379 1509 2417 curn

403 2449 458 2504 illis
472 2451 596 2506 maxime
608 2467 752 2522 congrua:
767 2454 873 2508 etenim
883 2454 1011 2510 oratione
1022 2453 1060 2509 ad
1074 2455 1168 2508 Deum
1182 2453 1206 2508 is
1219 2452 1303 2508 facile
1313 2450 1457 2506 attollitur
1466 2451 1508 2521 qui

404 2537 580 2606 poenitentia
600 2556 685 2609 50010
707 2542 892 2610 semetipsum
915 2553 942 2598 et
962 2553 1075 2598 terrena
1097 2543 1194 2597 omnia
1214 2541 1345 2595 elevatus
1357 2549 1403 2594 est
1419 2538 1460 2592 16.
1479 2565 1508 2576 -

404 2626 573 2682 Sanctorum
587 2644 686 2698 preces
699 2629 875 2700 poenitentia
892 2630 1019 2699 ipsorum
1040 2631 1160 2686 multum
1174 2629 1307 2696 valuisse,
1320 2627 1413 2683 sacris
1431 2623 1508 2680 fastis

403 2713 538 2768 docemur
554 2733 559 2769 :
573 2731 693 2785 quorum
706 2717 837 2786 exemplo
856 2733 951 2774 mores
970 2727 1085 2773 nostros
1103 2717 1248 2787 vitamque
1267 2715 1413 2784 castigare
1428 2713 1508 2768 debe-

403 2815 476 2866 mus,
490 2801 527 2855 ad
540 2803 682 2873 expianda
694 2814 812 2874 peccata
826 2815 886 2860 tum
899 2805 1022 2875 propria,
1034 2805 1111 2876 quod
1126 2803 1255 2874 justitiae
1265 2813 1318 2870 est,
1335 2812 1397 2857 turn
1410 2801 1509 2860 aliena

403 2889 480 2958 quod
494 2890 640 2946 charitatis
658 2903 702 2948 est
723 2909 905 2965 summaeque
919 2893 1100 2963 perfectionis
1117 2894 1204 2958 16·17.
1218 2892 1367 2962 --Sperat
1382 2887 1511 2944 Pontifex

405 2975 528 3046 Fideles,
549 2979 715 3036 Pastotibus
735 2982 947 3052 praeeuntibus,
969 2982 1007 3037 ad
1033 2983 1065 3038 B.
1086 2981 1127 3036 M.
1150 2979 1184 3035 V.
1207 2979 1339 3050 impense
1359 2978 1509 3032 colendam

403 3066 552 3121 incitatum
563 3067 595 3121 iri
609 3069 752 3138 praesenti
768 3070 900 3139 epistola,
912 3066 1382 3140 0100011001055010115,00015,00
1396 3061 1509 3118 unitatis
1580 3123 1581 3140 χ

404 3154 571 3224 uberrimos,
585 3157 697 3212 Rosarii
711 3157 886 3226 recitatione,
897 3167 1083 3229 proventuros
1096 3171 1161 3212 esse
1180 3156 1331 3211 Ecclesiae
1349 3167 1389 3213 17.

438 3271 469 3322 3.
478 3272 698 3325 LITTERAE
708 3275 997 3328 apostol-icas:
1008 3276 1131 3337 quibus
1139 3275 1169 3324 s.
1178 3274 1319 3335 Birgitta
1327 3283 1425 3334 01110-

404 3361 504 3422 01000
517 3361 652 3413 Sueclae
665 3368 805 3425 patrona
817 3367 1042 3416 constituitur.
1056 3387 1092 3399 —
1110 3363 1124 3413 1
1139 3363 1207 3414 Oet.
1223 3360 1345 3412 1891...
1359 3370 1425 3424 pag.
1483 3363 1508 3414 111

441 3477 527 3532 Dolet
545 3479 676 3535 Pontifex
690 3481 809 3538 Sueciae
822 3493 947 3551 gentem,
960 3481 1105 3553 quondam
1118 3478 1260 3536 catholica
1275 3476 1348 3532 Fide
1360 3475 1508 3545 insignem,

405 3564 434 3618 in
448 3581 572 3620 errorem
586 3569 749 3638 prolapsam
762 3585 827 3624 esse
848 3584 886 3636 19·
901 3567 1056 3624 -Pusillo
1070 3570 1098 3622 in
1118 3569 1173 3622 hac
1187 3566 1304 3634 regione
1316 3573 1346 3620 01
1363 3559 1508 3618 carissimo

404 3654 483 3722 gregi
502 3653 643 3708 Fidelium
656 3657 808 3710 consulens
823 3656 933 3724 Pastor,
943 3659 983 3712 'ac
996 3655 1129 3726 precibus
1140 3653 1246 3710 Vicarii
1260 3647 1412 3723 apostolici
1429 3647 1508 3701 obse·

404 3740 542 3809 cundens,
554 3742 689 3797 Sanctam
704 3743 857 3813 Birgittam
879 3744 1001 3800 Sueciae
1019 3743 1203 3815 praecipuam
1230 3741 1385 3796 Patronam
1407 3733 1507 3792 consti-

404 3827 466 3898 tuit,
486 3830 736 3902 praesentiumque
748 3831 905 3888 litterarum
925 3833 982 3888 vim
1002 3841 1087 3904 atque
1100 3830 1262 3887 firmitatem
1281 3826 1408 3882 vindicat
1424 3835 1506 3891 1010.

440 3967 695 4019 4.F.Pis'r01.li
717 3971 760 4020 ad
783 3969 877 4022 card.
903 3965 1127 4034 Langenieux,
1150 3967 1307 4030 1111111100.
1331 3965 1422 4014 Rhe-

406 4067 561 4116 mensom,
595 4055 637 4106 da
670 4059 992 4120 peregrinationibus
1021 4059 1180 4121 0011101110
1217 4055 1344 4106 Galliae
1378 4051 1421 4103 ad

406 4142 827 4195 Urbem—uoetttssl.
1358 4149 1421 4205 pag·
1476 4139 1502 4183 ²¹

442 4243 602 4314 Permagno
612 4243 758 4299 Pontificis
769 4244 871 4299 solatio
882 4245 1027 4301 institutae
1040 4255 1106 4302 suut
1119 4261 1169 4302 sex
1183 4243 1288 4300 abhinc
1300 4257 1402 4308 annos,
1416 4237 1504 4292 Gallo·
