3222 4888
413 281 432 330 2
439 282 486 353 50
513 285 628 339 amsr.
651 289 809 342 auctet..
833 279 854 308 “
873 292 1074 345 enarraris
1102 272 1512 358 PuovtutsNT1naQuu.’'

413 381 1515 410 Μ

233 440 282 516 qut
294 441 384 517 Rure·-
411 447 559 508 numer0,
574 437 631 514 qui
661 436 803 501 Russico
819 439 959 521 imperio
977 443 1108 522 paretis,
1126 443 1194 504 iure
1222 451 1273 504 est
1289 444 1381 523 quod
1398 444 1507 505 catho-

232 512 382 634 ω’ἶῖζῇζ,
411 533 493 599 licae
529 540 744 620 professionis
775 546 912 610 nomine
947 547 1189 624 collaudemus,
1215 547 1408 611 hortatione
1445 569 1510 611 mu-

234 637 384 764 Pomlffl
411 639 547 704 niamus.
577 643 689 725 Caput
705 658 756 710 est
783 649 982 712 hortationis
1012 649 1167 726 Nostrae,
1184 661 1221 714 ut
1238 651 1341 714 istum
1359 663 1512 715 constan·

253 773 383 842 tonsurare·
409 744 476 806 tiae
502 747 652 812 animum
678 751 710 812 in
739 763 856 814 sancta
883 753 948 816 fide
974 753 1118 818 colenda
1142 755 1314 818 retineatis
1342 755 1463 818 acriter
1484 769 1514 818 et

233 833 383 954 ”sstem
410 847 558 928 foveatis,
569 855 601 914 in
619 855 734 935 quaid
752 857 877 919 bonum
906 857 1047 936 habetiS,
1062 861 1153 941 quod
1172 858 1372 940 principium
1391 867 1425 922 et
1442 858 1511 922 ions

155 989 157 992 -
266 963 386 1013 narratur
409 961 469 1030 est,
495 964 532 1017 ut
556 955 714 1034 diximus,
742 961 968 1026 maximorum
995 963 1168 1026 bonorum.
1198 962 1275 1026 Hoc
1299 963 1417 1044 utique
1432 963 1513 1024 chri·

231 1029 382 1144 Ἀπ’
409 1056 536 1119 stianus
573 1060 703 1122 animus
737 1061 855 1124 ceteris
892 1063 989 1126 rebus
1014 1065 1171 1128 omuibus
1204 1064 1514 1146 longe-anteponat

409 1171 541 1240 oportet
556 1182 563 1239 ;
590 1161 653 1225 hoc
670 1165 789 1244 ipsum,
805 1175 842 1229 ut
858 1179 935 1228 sunt
952 1167 1066 1230 divina
1082 1167 1170 1230 iussa
1196 1177 1230 1230 et
1246 1167 1424 1250 splendida
1441 1187 1514 1230 san-

408 1271 537 1325 ctorum
565 1264 740 1328 hominum
759 1266 856 1344 lacta,
872 1289 933 1330 nec
949 1267 1024 1332 ullis
1046 1268 1170 1332 fractus
1186 1267 1443 1332 difficultatibus
1459 1269 1512 1331 de·

409 1375 506 1440 serat,
515 1378 548 1431 et
560 1370 700 1432 summis
713 1370 837 1433 viribus
850 1372 1086 1455 laboribusque
1096 1375 1265 1437 custodiat
1279 1371 1514 1454 ;eiusdemque

298 1491 300 1496 ¹
410 1469 531 1534 virtute
547 1471 659 1550 fultus,
675 1475 832 1538 solatium
850 1486 884 1539 et
899 1497 1010 1558 opem,
1026 1497 1257 1560 quoscumque
1282 1478 1454 1541 humanae
1463 1497 1511 1539 res

408 1585 547 1638 eventus
574 1578 753 1656 adducant,
777 1599 883 1662 aeque
906 1582 1090 1645 certissime
1117 1603 1156 1644 ac
1185 1582 1352 1662 patienter
1379 1601 1399 1644 a
1438 1581 1509 1644 Deo

287 1695 382 1773 ¹auem
409 1681 547 1742 memori
572 1693 741 1763 expectet.
765 1721 808 1732 -
833 1685 889 1747 Ad
908 1684 980 1748 Nos
997 1686 1086 1768 quod
1114 1687 1246 1764 attinet,
1261 1706 1370 1748 rerum
1388 1697 1510 1748 vestra-

234 1761 382 1888 ‘ffelfflg
408 1805 480 1847 rum
499 1787 641 1866 quaesit
658 1789 816 1866 conditio,
839 1790 1005 1871 equidem,
1029 1811 1090 1872 pro
1107 1811 1243 1854 munere
1261 1789 1397 1868 Nostro,
1413 1791 1511 1852 habe-

248 1905 381 2004 mllfflm
409 1909 481 1951 mus
505 1901 735 1970 compertum;
760 1893 925 1975 valdeque
953 1895 1016 1956 ista
1043 1894 1189 1957 delectat
1217 1893 1338 1958 fiducia
1361 1913 1462 1976 quam
1479 1893 1510 1954 in

231 1955 382 2085 unffi?
410 1992 526 2069 Nobis,
551 1993 692 2057 filiorum
722 1998 835 2074 instar,
861 1998 1038 2078 plurimam
1057 1997 1237 2062 collocatis.
1256 1997 1312 2062 Sic
1329 1997 1441 2078 igitur,
1455 1997 1510 2058 ad·

231 2103 289 2201 5:2²}
309 2093 381 2137 resta·
409 2115 584 2160 monemus
623 2098 761 2163 fallaciis
788 2102 927 2163 omnino
955 2101 1084 2165 reiectis
1118 2122 1204 2184 quae
1228 2112 1345 2165 contra
1373 2102 1514 2164 benevo-

409 2200 546 2265 lentiam
563 2213 596 2265 et
613 2200 871 2268 sollicitudinem
886 2205 917 2267 in
932 2225 992 2268 vos
1006 2204 1166 2268 Nostram
1185 2206 1337 2287 nequiter
1352 2211 1513 2278 serantur,

409 2305 473 2368 hoc
494 2307 537 2368 sit
563 2307 657 2370 vobis
685 2309 818 2388 penitus
846 2329 1051 2390 persuasum,
1075 2309 1157 2373 nihil
1187 2309 1258 2374 Nos
1287 2309 1397 2372 minus
1414 2327 1513 2390 quam

411 2408 588 2473 Pontifices
613 2413 813 2488 decessores,
839 2414 924 2477 sicut
942 2435 1001 2494 pro
1017 2415 1135 2476 ceteris
1152 2413 1370 2496 popularibus
1385 2413 1512 2486 vestris,

409 2513 456 2577 ita
484 2533 544 2595 pro
568 2515 663 2576 vobis
689 2515 874 2598 suscepisse
899 2527 932 2580 et
968 2517 1151 2580 intendisse
1176 2537 1296 2594 curas;
1320 2517 1378 2598 qui
1403 2517 1514 2588 etiam,

409 2628 553 2682 vestram
582 2627 618 2682 ut
643 2621 869 2684 sustineamus
897 2619 1063 2692 fiduciam,
1089 2621 1203 2684 omnia
1229 2621 1337 2702 parati
1354 2641 1469 2683 sumus
1482 2629 1515 2682 et

410 2721 574 2785 laboriose
601 2723 729 2786 conniti
754 2733 788 2786 et
813 2726 967 2806 persequi
995 2721 1210 2788 confidenter.
1239 2725 1339 2787 Iuvat
1355 2724 1516 2786 memoria

289 2871 385 2920 Recolr't
410 2836 568 2907 repetere,
595 2826 673 2888 inde
699 2825 771 2890 Nos
797 2847 817 2889 a
845 2826 1062 2891 Pontificatus
1090 2829 1249 2906 exordiis
1275 2829 1318 2890 de
1343 2847 1379 2890 re
1400 2825 1514 2890 catho-

239 2943 384 3013 patracen
411 2931 474 2994 lica
489 2929 562 2993 istic
588 2931 767 2995 relevanda
792 2933 989 3014 cogitantes,
1014 2943 1204 3014 opportune
1220 2933 1310 3013 apud
1338 2931 1516 3012 Imperiale

250 3003 387 3130 [ml-2¹1¹}
412 3033 596 3100 Consilium
613 3033 722 3097 officia
750 3036 998 3116 interposuisse,
1013 3046 1051 3099 ut
1078 3057 1118 3099 ea
1134 3037 1414 3100 contenderemus
1430 3054 1516 3116 quae

233 3132 311 3191 inita,
410 3137 508 3200 simul
536 3139 683 3220 dignitas
708 3139 805 3201 huius
833 3137 1052 3221 Apostolicae
1086 3139 1196 3216 Sedis,
1223 3139 1323 3202 simul
1349 3139 1515 3202 rationum

411 3250 594 3304 vestrarum
622 3241 844 3322 patrocinium
873 3243 1064 3305 viderentur
1091 3244 1281 3323 deposcere.
1309 3239 1441 3322 Quibus
1472 3260 1514 3303 ex

410 3343 527 3407 officiis
553 3357 769 3408 consecutum
795 3356 855 3422 est,
881 3357 918 3409 ut
934 3367 1023 3409 anno
1050 3357 1309 3409 muccctxxxtt
1334 3356 1425 3406 certa
1440 3362 1514 3406 cum

412 3447 469 3510 illo
486 3449 680 3530 pactionum
698 3450 810 3530 capita
825 3451 892 3512 sint
908 3449 1092 3512 constituta
1107 3471 1114 3512 :
1127 3449 1208 3510 haec
1225 3449 1321 3525 inter,
1339 3445 1514 3527 Episcopis

412 3550 550 3612 liberam
575 3549 643 3614 iore
671 3552 803 3632 copiam
833 3552 1030 3614 moderandi
1047 3553 1088 3613 ad
1117 3551 1296 3614 canonicas
1314 3552 1403 3630 leges
1419 3549 1514 3611 semi·

413 3655 505 3716 naria
527 3653 744 3731 clericorum;
770 3663 841 3717 tum
868 3655 1089 3718 Academiam
1116 3655 1376 3718 ecclesiasticam
1404 3653 1516 3716 Petro·

413 3755 609 3838 politanam,
625 3777 710 3838 quae
724 3757 859 3820 Polonis
871 3778 1004 3841 quoque
1018 3768 1111 3840 patet
1127 3759 1282 3834 alumnis,
1298 3757 1514 3820 iurisdictioni

414 3863 512 3944 plene
539 3862 737 3925 tradendam
779 3863 1034 3947 Archiepiscopi
1067 3865 1331 3942 Mohiloviensis,
1357 3873 1458 3946 atque
1484 3862 1512 3924 in

415 3965 533 4028 melius
575 3967 819 4045 adducendam,
859 3969 903 4031 ad
935 3969 1132 4049 ampliorem
1175 3968 1253 4039 cleri
1284 3978 1319 4030 et
1350 3967 1513 4049 religionis

414 4069 599 4134 catholicae
616 4071 795 4134 utilitatem
811 4097 817 4135 :
833 4085 973 4154 accepta
990 4083 1162 4154 praeterea
1179 4071 1253 4150 fide,
1269 4073 1513 4154 quamprimum

414 4171 613 4255 abrogatum
643 4183 700 4237 aut
727 4175 917 4256 mitigatum
945 4175 982 4238 iri
1020 4176 1206 4257 singulares
1228 4195 1284 4238 eas
1313 4175 1415 4258 leges,
1439 4193 1513 4257 quas

414 4275 522 4338 clerus
548 4287 657 4340 vester
684 4279 865 4342 severiores
889 4279 953 4342 sibi
981 4281 1255 4362 conquerebatur.
1286 4277 1350 4343 lllo
1378 4301 1424 4344 ex
1439 4291 1513 4343 tem-
