3216 4880
448 301 572 351 runsx
599 301 852 354 sustineus.
1134 305 1207 376 333

131 448 447 502 30.111.1.0cu'11o
473 449 517 500 ad
542 450 571 498 S.
594 451 633 498 lt.
662 451 700 499 E.
717 446 904 501 cardinales
925 453 966 500 de
983 451 1118 514 iuribus

94 536 125 586 S·
147 535 592 586 Sedisvindloandis.-12
610 536 870 588 lun111893...
1050 553 1118 604 pag.
1158 537 1208 592 162

132 637 188 690 Pro
198 651 278 691 more
291 637 487 691 Romanorum
502 635 683 705 Pontificum,
697 636 825 692 Pontifex
838 635 962 692 instante
975 638 1049 693 festo
1064 640 1115 694 SS.
1129 642 1206 711 Apo·

95 726 242 800 stolorum,
260 725 289 780 S.
303 724 387 780 Sedis
397 726 462 796 jura
474 725 609 795 vindicat,
628 725 880 796 providentissime
893 743 911 781 a
925 729 988 782 Deo
1003 727 1159 783 constituta
1177 729 1206 782 in

95 814 203 868 bonum
225 809 375 868 Ecclesiae
386 822 414 868 et
428 814 556 882 gentium
572 813 696 882 162-163.
709 843 745 852 -
759 815 840 884 Quae
852 815 1077 886 quotiescunque
1095 816 1208 871 fuerunt
1302 809 1304 814 ’

94 901 210 969 violata,
222 900 348 955 maxima
360 902 445 970 mala,
458 902 564 956 nostris
577 901 745 972 praesertim
756 903 942 982 temporibus,
956 915 1054 958 exorta
1067 914 1133 958 sunt
1149 905 1207 974 163.

93 1019 131 1029 -
156 990 243 1044 Omni
260 1007 314 1058 ope
334 990 460 1045 studebit
487 989 619 1046 Pontifex
644 991 782 1060 prodesse
809 991 966 1060 Ecclesiae,
980 991 1078 1047 divino
1101 993 1209 1046 auxilio

93 1075 184 1131 fretus
201 1078 258 1144 163.
271 1106 307 1116 -
319 1077 534 1132 Creanturnovi
549 1077 717 1132 Cardinales
734 1077 857 1146 163-164.

131 1184 399 1235 31.13P1STOLA
414 1185 657 1236 ENCYCLICA
667 1186 708 1235 de
721 1187 864 1248 collegiis
874 1188 1067 1238 elericorum
1083 1189 1117 1238 in

95 1272 202 1321 lndlls
218 1271 434 1322 orientalibus
447 1272 783 1322 instituendis—24
802 1273 898 1322 Junil
919 1274 1011 1324 1893.
1050 1287 1114 1338 pag.
1156 1270 1204 1339 165

132 1373 276 1426 Memorat
297 1371 428 1428 Pontifex
448 1391 466 1426 a
489 1374 520 1426 B.
544 1374 657 1427 Thoma
674 1373 815 1442 Apostolo
837 1375 986 1428 veritatem
1009 1375 1208 1444 evangelicam

94 1460 170 1530 apud
186 1461 273 1514 Indos
287 1459 505 1529 promulgatam,
518 1471 604 1531 atque
624 1477 641 1514 a
660 1461 687 1515 S.
702 1461 858 1515 Francisco
878 1461 1003 1516 Xaverio
1017 1463 1206 1518 instauratam

93 1548 191 1616 fuisse,
204 1548 352 1618 ipsamque
366 1548 443 1602 dolet
463 1549 663 1603 absconditam
686 1549 772 1603 hodie
785 1559 867 1603 vasto
880 1550 974 1604 adhuc
989 1551 1063 1606 illius
1077 1551 1204 1622 regionis

94 1635 198 1704 spatio,
211 1645 324 1688 strenue
335 1635 400 1688 licet
411 1634 607 1689 laborantibus
621 1633 937 1704 apostolicisrviris165.
952 1666 987 1675 -
1000 1637 1207 1693 sollicitudinis

94 1739 164 1778 suae
177 1737 245 1790 erga
257 1731 373 1790 gentem
388 1721 466 1776 illam
479 1733 648 1791 argumenta
668 1722 749 1776 affert
770 1733 831 1776 tum
851 1735 964 1778 amotas
978 1741 995 1777 a
1008 1741 1040 1778 se
1052 1714 1207 1781 dissensib-

94 1825 163 1863 num
176 1825 279 1862 causas
290 1825 340 1877 per
357 1818 442 1877 pacta
454 1819 604 1878 conventa,
619 1819 680 1864 tum
698 1809 860 1864 ordinatam
874 1810 1071 1865 Ecclesiamm
1085 1813 1207 1878 admini-

94 1897 262 1952 strationem
282 1915 334 1967 per
355 1897 555 1951 Hierarchiam
578 1897 804 1954 ecclesiasticam
831 1898 954 1967 165-166.
969 1929 1002 1939 --
1017 1901 1206 1972 Summopere

91 1985 153 2054 jam
166 1984 304 2040 interesse
317 1994 397 2038 notat
411 1994 440 2039 ut
450 1985 549 2039 Clerus
559 1995 721 2040 assumatur
734 2001 767 2039 ex
781 1984 933 2054 indigenis,
942 2003 1115 2057 sensumque
1124 2005 1206 2043 suum

94 2072 185 2142 ipsius
207 2072 234 2126 S.
250 2072 398 2126 Francisci
411 2071 527 2127 Xaverii
549 2071 644 2126 verbis
665 2072 816 2126 confirmat
841 2072 899 2126 166.
919 2072 1069 2127 -Varias
1084 2074 1207 2144 explicat

96 2175 198 2214 causas
212 2175 262 2213 cur
275 2159 457 2213 sacerdotum
471 2158 670 2228 indigenarum
681 2161 771 2213 multo
784 2159 955 2216 fructuosior
968 2159 1062 2214 futura
1071 2161 1106 2216 sit
1119 2175 1208 2230 opera

96 2245 546 2318 quamEuropaeorum166-167.
562 2275 594 2283 -
609 2246 744 2301 Ostendit
759 2245 924 2302 sacerdotes
946 2263 1103 2316 europaeos
1118 2249 1211 2302 multo

96 2335 246 2407 pauciores
263 2353 425 2406 essequam
445 2347 475 2390 ut
498 2335 586 2390 labori
610 2335 761 2390 sufficiant.
789 2335 864 2390 Fieri
887 2335 974 2389 etiam
1000 2345 1094 2404 potest
1114 2345 1144 2390 ut
1169 2337 1209 2392 illi

97 2423 245 2478 discedere
258 2433 396 2492 cogantur
407 2424 530 2491 167-168.
540 2453 575 2464 -
583 2423 740 2492 Antiquum
752 2422 884 2492 proponit
896 2421 1044 2476 Ecclesiae
1054 2439 1135 2478 usum
1146 2425 1207 2479 Cle-

97 2527 160 2564 rum
170 2509 313 2580 deligendi
324 2529 358 2564 ex
367 2511 508 2579 indigenis
522 2509 581 2564 168.
593 2539 627 2548 -
639 2511 785 2564 Nonnulla
795 2511 917 2578 collegia
923 2511 984 2580 jam
995 2501 1112 2566 condita'
1122 2512 1209 2568 fuisse

97 2598 190 2666 refert,
204 2598 406 2669 decretumque
419 2617 483 2654 esse
502 2617 518 2654 a
533 2599 618 2654 variis
632 2599 750 2669 synodis
763 2609 793 2652 ut
804 2598 933 2667 singulae
949 2599 1105 2654 Dioeceses
1119 2601 1209 2655 Semi-

97 2685 210 2740 narium
222 2687 356 2742 habeant.
373 2689 458 2742 Dolet
471 2702 539 2743 vero
559 2687 721 2758 Episcopus
734 2687 828 2740 varias
843 2687 879 2740 ob
893 2703 995 2741 causas
1009 2688 1080 2742 haec
1094 2688 1212 2744 decreta

96 2779 199 2848 exequi
211 2780 339 2833 nondum
353 2779 479 2848 potuisse
495 2780 553 2834 168.
568 2810 601 2819 -
616 2781 698 2834 Haec
721 2779 841 2847 collegia
862 2779 983 2832 multum
997 2780 1036 2832 rei
1050 2779 1210 2836 catholicae

96 2865 244 2934 profutura
256 2883 329 2933 esse,
341 2877 369 2920 et
384 2867 412 2920 S.
432 2866 515 2920 Sedis
535 2883 604 2935 erga
628 2865 727 2920 indias
741 2865 965 2920 sollicitudinem
990 2867 1072 2934 quasi
1086 2868 1209 2938 comple·

96 2965 161 3008 tura
179 2971 243 3009 esse
255 2955 399 3010 concludit
417 2953 540 3023 168·169.
556 2985 589 2994 -
603 2955 671 3008 Non
684 2965 795 3008 tantum
809 2955 886 3023 apud
902 2954 999 3022 Indos,
1014 2955 1064 3008 sed
1084 2965 1112 3008 et
1132 2956 1210 3025 apud

97 3039 275 3109 Europaeos,
300 3039 451 3109 pecuniam
470 3039 606 3109 colligant
632 3037 779 3109 Episcopi,
807 3038 835 3092 in
864 3038 985 3107 collegia
1004 3039 1210 3096 conferendam

101 3123 161 3192 169.

135 3224 413 3275 saumatis:
424 3226 717 3277 APOSTOLICAE
727 3227 766 3276 de
776 3227 1006 3276 constituendo
1014 3227 1121 3276 Abba-

97 3318 131 3365 te
144 3314 291 3364 Primaie
312 3315 444 3364 Ordinis
464 3315 493 3364 S.
516 3314 695 3364 Benedicti.
713 3339 748 3348 -
761 3313 799 3362 12
817 3314 902 3364 lulli
926 3313 1016 3364 1893.
1057 3327 1120 3378 pag.
1162 3325 1214 3376 170

135 3413 285 3468 Praeclaro
300 3413 400 3467 Ordini
420 3415 448 3467 S.
464 3413 612 3468 Benedicti
634 3412 853 3468 devotissimum
876 3429 941 3466 sese
961 3413 1089 3466 animum
1111 3430 1211 3481 gerere

99 3501 231 3555 Pontifex
243 3510 364 3555 testatur
379 3515 474 3565 170.-
488 3503 589 3571 Nuper
602 3500 630 3554 in
646 3501 765 3568 Urbem,
779 3516 845 3554 cum
854 3501 962 3570 primus
973 3499 1124 3568 ponendus
1134 3510 1211 3556 esset

98 3586 173 3658 lapis
194 3588 312 3657 Collegii
333 3589 361 3643 S.
383 3589 520 3654 Anselmi,
543 3597 738 3643 convenerunt
759 3588 888 3644 Abbates
907 3586 1015 3641 laudati
1037 3585 1154 3642 Ordinis
1173 3590 1211 3644 ad

97 3676 254 3732 fraternam
266 3677 509 3730 consociationem
522 3676 753 3731 constituendam
764 3675 839 3729 inter
848 3691 949 3729 omnes
961 3675 989 3728 S.
1000 3673 1117 3728 Ordinis
1130 3674 1210 3729 fami-

98 3765 154 3818 lias
175 3777 302 3830 17o·171.
325 3793 360 3804 -·
381 3764 511 3818 Pontifex
533 3765 683 3819 confirmat
702 3765 773 3819 haec
791 3765 940 3817 Abbatum
962 3763 1077 3816 decreta
1098 3779 1105 3816 ι
1133 3764 1213 3818 Inter

100 3866 202 3905 omues
215 3850 333 3905 Ordinis
352 3851 598 3921 Congregationes
613 3851 724 3905 ineatur
741 3849 965 3918 confoederatio,
978 3849 1022 3903 cui
1037 3849 1137 3903 Abbas
1151 3849 1212 3904 Pri·

100 3955 163 3992 mas
175 3938 317 3992 creabitur
329 3939 537 4006 praeficiendus
553 3952 610 4004 171.
626 3967 660 3978 -
681 3938 750 3992 Solo
770 3936 872 3992 merito
894 3938 994 3991 Abbas
1009 3936 1121 3990 Primas
1133 3953 1213 3991 assu·

100 4035 194 4079 matur
215 4040 272 4092 171.
285 4055 321 4065 -
332 4025 433 4080 Abbas
447 4025 558 4080 Primas
577 4027 630 4080 erit
644 4024 760 4079 insimul
774 4026 872 4080 Abbas
893 4024 1014 4093 Collegii
1028 4023 1058 4078 S.
1080 4023 1211 4078 Anselmi

100 4113 177 4184 quod
185 4113 223 4167 ad
231 4127 331 4168 omnes
343 4113 460 4168 Ordinis
471 4114 715 4184 Congregationes
721 4115 845 4182 pertinet
855 4127 1016 4178 171-172.-
1025 4111 1148 4180 Quando
1158 4119 1185 4166 et
1194 4129 1212 4166 a

99 4201 203 4270 quibus
224 4201 334 4256 Primas
358 4202 481 4270 eligatur
504 4215 561 4268 172.
584 4231 618 4240 -
644 4199 722 4270 Quid
748 4202 902 4270 agendum,
923 4211 1044 4255 vacante
1076 4199 1211 4254 Primatis

100 4288 195 4344 officio
210 4301 268 4355 172.
280 4318 317 4329 -
331 4289 426 4344 Prima
439 4291 493 4345 bac
503 4291 565 4345 vice
577 4291 711 4345 Summus
727 4287 857 4344 Pontifex
870 4287 1034 4358 designabit
1046 4285 1213 4357 Primatem,
