3222 4888
432 239 501 324 196
680 255 861 307 sprsrosa
890 243 911 272 ‘¹
930 255 1010 307 nou
1039 237 1277 307 usorocu1.''
1355 328 1366 343 .

247 418 398 495 tptcumpq·
426 413 588 488 perpetuo
617 406 753 483 studuit,
778 415 814 468 ut
837 407 1009 469 sanctitati
1028 427 1158 470 morum
1183 407 1441 470 christianorum
1470 425 1531 467 nec

292 493 399 606 imppp
424 512 656 596 philosophiae
669 512 792 590 lumen,
804 534 863 575 nec
877 513 1042 594 politioris
1055 513 1277 577 humanitatis
1290 514 1424 577 deesset
1435 512 1533 574 nitor.

273 614 397 664 docmna-
426 617 503 700 Quo
530 617 562 680 in
589 637 711 697 genere
738 617 869 698 insigne
896 617 990 681 vobis
1022 619 1116 700 quasi
1143 618 1383 699 patrimonium
1407 615 1534 698 gloriae

247 679 397 794 plemam
423 719 636 783 transmisere
652 719 803 808 viricum
832 720 947 800 paucis
972 719 1200 801 comparandi,
1224 720 1420 784 Franciscus
1445 719 1532 782 Sua-

247 809 397 938 Jffffpjzfs‘]
425 843 486 904 rea,
515 821 654 884 Ioannes
683 821 784 904 Lago,
816 822 1012 886 Franciscus
1048 823 1184 900 Tolerus,
1215 824 1417 888 nominatim
1455 843 1536 886 vero

246 941 367 1002 tantiam,
424 925 619 988 Franciscus
634 924 674 986 X
674 924 800 1003 imeras,
822 927 879 1007 qui
896 923 998 990 ductu
1015 928 1242 1010 auspiciisque
1259 925 1463 990 Pontificum
1480 947 1535 990 ro-

425 1048 600 1092 manorum
625 1029 735 1111 potuit
761 1029 804 1092 ad
821 1029 912 1092 illam
941 1031 1114 1093 doctrinae
1132 1033 1377 1112 praestantiam
1394 1039 1534 1094 conten-

423 1131 511 1211 dere,
526 1153 592 1216 qua
610 1153 675 1195 non
701 1134 802 1197 modo
821 1134 1036 1216 Hispaniam,
1052 1137 1110 1199 sed
1135 1135 1325 1199 universam
1353 1135 1535 1199 illustravit

424 1239 805 1320 Europampraesertim
816 1239 1006 1302 constitutis
1017 1239 1136 1302 studiis
1148 1239 1212 1302 illis
1224 1239 1535 1322 Complutensibus,

423 1343 543 1424 quibus
567 1341 677 1404 edocti
704 1341 838 1406 iuvenes
866 1343 901 1404 in
920 1342 986 1405 Dei
999 1341 1142 1406 Ecclesia
1164 1343 1344 1424 sapientiae
1358 1343 1533 1426 splendore,

423 1452 593 1525 tamquam
602 1443 712 1506 stellae
722 1445 904 1508 matutinae
914 1456 1121 1524 coruscantes,
1135 1447 1169 1510 in
1181 1447 1337 1510 veritatis
1346 1447 1405 1512 via
1416 1458 1536 1512 ceteros

423 1547 615 1611 illuminare
631 1547 827 1631 possent(1).
846 1549 901 1611 Ex
927 1570 965 1613 ea
992 1561 1106 1632 segete
1134 1559 1217 1614 tam'
1230 1552 1312 1614 scite
1336 1552 1534 1634 naviterque

423 1649 568 1728 exculta,
584 1649 703 1714 cohors
719 1651 775 1714 illa
791 1651 906 1714 extitit
918 1653 1093 1716 doctorum
1111 1652 1298 1731 illustrium,
1315 1656 1371 1737 qui
1385 1675 1405 1717 a
1423 1675 1532 1718 roma-

424 1775 467 1818 no
486 1753 647 1818 Pontifice
663 1765 765 1837 atque
784 1775 804 1819 a
821 1755 915 1838 Rege
932 1755 1107 1820 Catholico
1131 1758 1173 1821 ad
1193 1756 1371 1838 Synodum
1389 1759 1530 1822 Triden-

422 1861 529 1926 tinam
545 1861 686 1939 invitati,
701 1862 873 1943 utriusque
896 1863 1169 1943 expectationem
1185 1863 1321 1944 egregie
1338 1862 1530 1945 implevere.

259 2012 395 2076 etaptissi-
424 1964 543 2046 Neque
567 1983 646 2026 vero
663 1965 783 2026 mirum
811 1973 869 2042 est,
896 1973 946 2028 tot
973 1965 1174 2046 Hispaniam
1204 1975 1386 2047 tantosque
1410 1965 1529 2030 tulisse

162 2127 163 2130 ,
260 2080 310 2128 mis
321 2079 394 2154 adstr-
422 2067 509 2130 viros
525 2089 533 2146 ;
549 2065 713 2148 siquidem
727 2076 859 2148 praeter
875 2067 1062 2130 naturalem
1079 2067 1290 2150 ingeniorum
1306 2069 1386 2145 vim,
1402 2069 1526 2149 praesi-

241 2144 394 2272 mdix:
423 2170 479 2232 dia
495 2178 595 2252 atque
611 2170 832 2234 instrumenta
849 2178 982 2252 praesto
998 2180 1093 2234 erant
1109 2171 1295 2254 aptissima,
1306 2191 1450 2254 quorum
1463 2192 1527 2254 ope

243 2275 330 2325 sidiis.
424 2273 609 2337 studiorum
627 2272 712 2335 ratio
728 2271 948 2355 perficeretur.
964 2272 1055 2338 Satis
1083 2283 1132 2336 est
1155 2293 1278 2355 magna
1292 2273 1405 2357 Lycea
1422 2293 1528 2338 recor-

424 2379 494 2441 dari
511 2377 751 2459 Complutense
767 2386 800 2440 et
816 2377 1091 2454 Salmanticense,
1107 2397 1192 2459 quae
1216 2397 1305 2455 sane,
1321 2377 1529 2458 advigilante

425 2489 587 2567 Ecclesia,
603 2488 772 2570 praeclara
782 2487 983 2552 christianae
996 2487 1180 2570 sapientiae
1190 2488 1359 2551 domicilia
1376 2487 1527 2550 extitere

424 2594 576 2676 Quorum
593 2594 780 2657 recordatio
799 2604 920 2676 sponte
936 2591 1151 2673 coniungitur
1166 2612 1242 2656 cum
1261 2593 1424 2655 memoria
1450 2591 1527 2657 Col-

423 2698 596 2780 legiorum‚
611 2717 697 2780 quae
713 2697 944 2760 ecclesiasticis
960 2695 1038 2759 viris
1054 2695 1190 2776 ingenio
1215 2696 1411 2778 sciendique
1434 2699 1524 2778 cupi·

423 2803 530 2864 ditate
546 2800 792 2882 praestantibus
809 2817 1022 2862 communem
1048 2797 1163 2860 sedem
1188 2797 1405 2861 commodum
1432 2817 1526 2881 prae-

424 2903 533 2967 buere.

328 3044 398 3092 Haec
468 3008 517 3070 At
532 3027 609 3070 vero
625 3005 755 3070 habetis
778 3015 857 3070 ante
873 3004 997 3081 oculos
1013 3003 1232 3068 Venerabiles
1249 3003 1392 3080 Fratres,
1416 3015 1527 3087 poste-

266 3110 396 3222 ram·
423 3113 546 3175 riorum
562 3121 752 3192 temporum
763 3109 903 3175 cladem.
915 3109 955 3172 ln
968 3109 1008 3171 iis
1022 3127 1131 3170 rerum
1142 3107 1349 3190 publicarum
1362 3106 1528 3190 fluctibus,

242 3247 333 3304 pam„
347 3240 395 3288 cla·
422 3217 478 3298 qui
495 3213 663 3296 superiore
679 3222 779 3296 atque
795 3213 859 3276 hoc
875 3213 948 3294 ipso
959 3211 1114 3276 volvente
1125 3209 1268 3288 saeculo,
1278 3221 1385 3275 totam
1399 3221 1525 3294 pertur-

238 3305 397 3431 figffls‘m
422 3321 544 3383 barunt
561 3317 741 3400 Europam,
755 3319 850 3400 quasi
867 3317 1051 3399 procelloso
1075 3317 1202 3396 impetu
1215 3315 1342 3379 deiecta
1361 3335 1401 3379 ac
1417 3317 1523 3400 stirpi-

423 3433 477 3486 tus
493 3419 623 3484 divulsa
639 3431 716 3484 sunt
734 3420 901 3496 instituta,
928 3419 1050 3502 quibus
1066 3417 1110 3481 ad
1127 3415 1205 3480 fidei
1222 3417 1462 3501 doctrinaeque
1478 3421 1524 3483 in·

423 3531 593 3586 crementa
616 3521 809 3598 condendis,
825 3521 916 3602 regia
940 3519 1040 3582 simul
1066 3527 1100 3582 et
1125 3516 1350 3582 ecclesiastica
1376 3529 1527 3600 potestas

423 3647 518 3691 curas
533 3644 680 3708 opesque
696 3625 914 3690 contulerant.
930 3623 1079 3690 Sublatis
1095 3623 1142 3686 ita
1156 3621 1329 3686 catholicis
1337 3621 1525 3690 studiorum

426 3726 708 3793 Universitatibus
723 3746 903 3809 earumque
919 3725 1087 3808 Collegiis,
1102 3725 1245 3806 ipsamet
1262 3723 1452 3790 Seminaria
1463 3729 1525 3791 cle·

424 3835 567 3897 ricorum
596 3849 766 3908 exacuere,
792 3829 915 3893 sensim
947 3850 986 3892 ea
1011 3827 1189 3893 deficiente
1216 3828 1392 3892 doctrinae
1420 3833 1525 3914 copia,

424 3955 510 4019 quae
525 3955 570 3997 ex
586 3931 717 4014 magnis
734 3933 927 4016 Gymnasiis
943 3930 1123 3996 effluebat:
1140 3939 1312 4014 praeterea
1335 3951 1398 3998 nec
1413 3943 1528 4000 tenere

423 4040 599 4120 antiquum
612 4043 749 4118 potuere
764 4044 889 4100 statum
905 4057 964 4120 per
980 4035 1066 4100 bella
1083 4033 1242 4099 intestina
1258 4043 1291 4098 et
1304 4035 1432 4116 turbas,
1441 4057 1527 4121 quae

423 4138 617 4224 aliquandiu
637 4137 758 4202 civium
782 4140 894 4203 studia
920 4139 1073 4221 viresque
1088 4139 1327 4204 distraxerunt.
1341 4138 1468 4208 Adfuit
1494 4145 1523 4208 in

458 4277 478 4309 1.
491 4258 627 4306 neander
637 4255 682 4310 vr,
696 4237 1530 4316 3111er

244 4197 288 4234 uer
294 4190 379 4248 polue-
