3222 4888
341 313 392 364 DE
420 315 571 364 STUDllS
599 313 834 366 SCRIPTURAE
862 313 1017 364 SACRAE.
1161 309 1231 378 203

124 465 267 545 quaein
296 464 452 528 universo
478 464 644 527 habentur
672 465 856 528 Bibliorum
874 473 1062 528 contextu:
1079 471 1233 542 recteque
1300 465 1373 566 u¹⁸v

125 565 305 632 affirmavit
323 567 564 650 Hieronymus,
583 571 862 652 (ignorationem
888 569 1137 651 Scripturarum
1161 581 1234 628 esse
1299 578 1373 642 1893·

125 671 373 753 ignorationem
391 671 515 737 Christi
532 673 559 756 (1
562 674 637 754 )>;
662 675 705 737 ab
730 673 794 738 illis
820 676 978 738 nimirum
1006 683 1113 750 extat,
1128 673 1233 736 veluti

43 802 46 806 ·
124 777 202 842 viva
217 788 252 842 et
266 779 406 860 spirans,
423 779 536 860 imago
553 779 633 854 eius,
648 798 693 840 ex
706 797 771 860 qua
788 777 912 841 levatio
929 777 1104 854 malorum,
1116 776 1233 840 cohor-

125 882 211 946 tatio
221 883 392 960 virtutum,
408 883 531 946 amoris
554 882 658 945 divini
686 881 840 945 invitatio
857 881 994 946 mirifice
1010 901 1144 964 prorsus
1170 880 1233 944 dil·

123 985 284 1050 sunditur.
302 985 357 1048 Ad
377 985 563 1048 Ecclesiam
579 1005 659 1049 vero
671 985 762 1068 quod
779 987 910 1062 attinet,
926 986 1235 1062 institutiomatura,
1260 979 1410 1038 deitatem,

126 1108 275 1167 munera,
304 1088 507 1152 charismata
538 1089 608 1152 eius
639 1100 709 1152 tam
747 1089 863 1153 crebra
905 1089 1028 1153 ibidem
1063 1089 1234 1153 mentione

125 1202 313 1270 occurrunt,
329 1201 399 1256 tam
428 1193 535 1256 multa
556 1213 617 1273 pro
642 1212 681 1256 ea
709 1203 847 1276 tamque
865 1191 958 1256 firma
976 1201 1132 1274 prompta
1156 1203 1235 1256 sunt

127 1306 336 1379 argumenta,
351 1295 441 1359 idem
459 1306 494 1359 ut
514 1297 742 1379 Hieronymus
759 1291 1113 1361 verissime'edixerit:
1133 1311 1150 1366 t
1167 1295 1233 1379 Qui

126 1421 295 1464 sacrarum
321 1399 570 1482 Scripturarum
609 1400 813 1464 testimoniis
840 1402 1016 1466 roboratus
1043 1412 1103 1477 est,
1130 1402 1158 1464 is
1184 1411 1235 1464 est
1402 1475 1404 1479 ,

129 1503 418 1586 propugnaculum
434 1503 646 1586 Ecclesiae(²
648 1505 668 1587 )
680 1503 813 1587 >Quod
829 1506 916 1570 side
930 1507 1020 1569 vitae
1037 1523 1236 1586 morumque
1260 1549 1290 1597 de
1301 1563 1400 1596 morum

128 1609 397 1673 conformatione
414 1618 447 1673 et
478 1609 659 1692 disciplina
689 1621 881 1693 quaeratur,
907 1611 1000 1692 larga
1028 1610 1177 1674 indidem
1202 1618 1235 1671 et
1261 1615 1397 1676 dascirlma

129 1712 259 1794 optima
274 1712 423 1776 subsidia
439 1713 585 1778 habituri
601 1724 680 1777 sunt
695 1713 756 1777 viri
784 1715 982 1796 apostolici:
999 1715 1098 1796 plena
1113 1711 1235 1775 sancti·
1260 1679 1404 1730 eradenda.

129 1817 209 1882 tatis
226 1817 439 1899 praescripta,
453 1817 619 1882 suavitate
634 1828 667 1882 et
683 1818 716 1882 vi
733 1819 870 1882 condita
886 1818 1109 1893 hortamenta,
1120 1833 1235 1879 exem·

130 1920 186 2004 pla
202 1921 235 1984 in
252 1921 345 1984 omni
363 1921 523 1986 virtutum
548 1942 671 2005 genere
695 1921 865 2004 insignia;
886 1921 1083 2003 gravissima
1098 1917 1238 1994 accedit,

129 2023 235 2108 ipsius
252 2023 316 2088 Dei
333 2025 470 2088 nomine
484 2035 518 2088 et
545 2025 664 2104 verbis,
688 2026 914 2108 praemiorum
942 2023 974 2086 in
1003 2023 1236 2087 aeternitatem

130 2128 319 2210 promissio,
333 2128 550 2194 denunciatio
566 2149 760 2212 poenarum.

177 2231 292 2314 Atque
305 2231 387 2294 hacc
403 2251 536 2314 propria
548 2243 582 2296 et
605 2233 781 2314 singularis
810 2231 1055 2315 Scripturarum
1081 2231 1196 2308 virtus,
1218 2249 1238 2293 a
1301 2247 1416 2324 Scripta

130 2335 247 2398 divino
263 2333 377 2400 afflatu
395 2333 542 2416 Spiritus
558 2334 673 2402 Sancti
701 2338 860 2418 prolecta,
876 2343 915 2400 ea'
938 2344 990 2400 est
1006 2355 1092 2418 quae
1114 2334 1238 2399 oratori
1266 2329 1382 2391 remago

1267 2397 1319 2432 ΜΗ
1330 2393 1384 2429 mm

130 2459 227 2502 sacro
257 2440 493 2504 auctoritatem
525 2441 631 2518 addit,
662 2441 883 2525 apostolicam
924 2442 1063 2523 praebet
1103 2438 1238 2503 dicendi
1265 2447 1401 2497 adeum

129 2543 332 2620 libertatem,
363 2563 539 2608 nervosam
583 2545 822 2628 victricemque
852 2547 969 2626 tribuit
1000 2544 1238 2627 eloquentiam.
1265 2513 1400 2644 {mm

130 2645 293 2730 Quisquis
323 2647 412 2710 enim
440 2649 545 2712 divini
572 2649 663 2712 verbi
686 2649 839 2731 spiritum
864 2662 898 2714 et
923 2651 1022 2714 robur
1049 2648 1238 2731 eloquendo
1266 2658 1385 2759 mu

129 2748 240 2826 refert,
256 2749 320 2827 ille,
332 2751 582 2832 nonloqurtur'
568 2773 602 2815 ur
625 2763 920 2833 sermonetantum,
935 2753 996 2817 sed
1010 2763 1042 2816 et
1067 2753 1102 2816 in
1118 2751 1241 2816 virtute
1265 2775 1349 2825 verba

128 2865 163 2920 et
177 2854 213 2918 in
227 2853 358 2936 Spiritu
376 2854 496 2920 Sancto
511 2865 543 2920 et
554 2855 588 2918 in
597 2855 806 2937 plenitudine
820 2877 875 2919 mu
877 2857 925 2920 lta
941 2856 992 2938 (³).
1010 2853 1239 2938 Quamobrem
1267 2839 1420 2956 mmm

131 2959 155 3020 ir
147 2957 306 3022 dicendi
332 2970 412 3022 sunt
438 2971 653 3041 praepostere
682 2960 936 3043 improvideque
963 2960 1080 3038 lacere,
1110 2958 1168 3042 qui
1193 2958 1239 3021 ita
1267 2969 1403 3048 requitu-

128 3061 309 3124 conciones
337 3063 380 3126 de
407 3062 569 3146 religione
596 3062 722 3127 habent
746 3073 778 3127 et
806 3074 984 3148 praecepta
999 3064 1113 3128 drvma
1135 3082 1240 3126 enun-
1266 3036 1406 3166 ww,

128 3165 226 3240 tiant,
242 3165 322 3228 nihil
342 3178 378 3230 ut
405 3165 472 3230 scre
498 3165 640 3231 aflerant
657 3167 719 3229 nisi
747 3167 915 3233 humanae
931 3169 1091 3234 scientiae
1106 3179 1139 3232 et
1164 3187 1240 3250 pru·
1266 3167 1417 3217 drvrnisar·

128 3267 266 3332 dentiae
281 3269 391 3346 verba,
407 3259 477 3333 suis
494 3270 602 3352 magis
619 3271 828 3351 argumentis
855 3291 956 3356 quam
973 3271 1132 3335 divinis
1123 3269 1240 3334 innixi.
1266 3233 1402 3348 {sm-J.

134 3372 280 3438 Istorum
298 3375 425 3439 scilicet
435 3376 633 3453 orationem,
644 3377 859 3459 quantumvis
872 3376 1035 3439 nitentem
1049 3375 1242 3448 luminibus,
1267 3365 1382 3480 ἔπι
1349 3445 1372 3478 r

129 3477 347 3560 languescere
362 3489 395 3542 et
413 3477 531 3560 frigere
547 3501 683 3544 necesse
706 3491 765 3556 est,
782 3492 901 3563 utpote
925 3501 1011 3564 quae
1028 3481 1106 3563 igne
1128 3489 1241 3544 careat

127 3581 293 3644 sermonis
311 3581 375 3644 Dei
392 3581 445 3665 (4),
461 3585 683 3667 eamdemque
707 3585 806 3668 longe
834 3585 951 3648 abesse
967 3586 1010 3648 ab
1027 3583 1093 3662 illa,
1108 3603 1174 3666 qua
1191 3583 1239 3645 di·
1332 3594 1419 3648 Sacris

127 3685 226 3748 vinus
253 3705 363 3748 sermo
383 3685 486 3768 pollet
511 3686 662 3752 virtute·
705 3685 809 3752 Vivus
829 3697 878 3751 est
902 3687 989 3752 enim
1012 3708 1116 3750 sermo
1132 3685 1200 3750 Dei
1211 3695 1243 3749 et
1268 3664 1422 3796 ᾖῖξζω,

127 3787 243 3872 efficax
254 3798 286 3852 et
296 3799 401 3871 penetr
403 3789 530 3854 ‘'abrlrbr
543 3790 635 3854 omni
638 3791 754 3874 gladio
764 3791 909 3875 ancipite,
910 3803 941 3855 et
945 3791 1133 3874 perungens
1143 3811 1242 3872 usque
1267 3797 1385 3852 dianus,

126 3890 178 3954 ad
188 3891 383 3956 diutsionem
399 3893 530 3956 animae
545 3895 732 3978 acspirr'tus
748 3895 776 3978 (5
778 3895 797 3979 ).
817 3895 1043 3979 Quamquam,
1059 3895 1122 3960 hoc
1139 3895 1239 3956 etiarn
1269 3930 1312 3964 nec
1324 3913 1370 3962 elo

128 3995 403 4078 prudentioribus
435 3999 686 4062 assentiendum
714 4011 775 4078 est,
801 4000 909 4064 inesse
935 4001 968 4062 in
985 3999 1087 4062 sacris
1103 3997 1241 4061 Litteris
1268 3979 1375 4046 “⁰⁸⁰⁰

128 4100 213 4164 mire
225 4099 349 4163 variam
368 4111 401 4164 et
425 4101 561 4166 uberem
586 4103 785 4184 magnisque
807 4102 945 4184 dignam
963 4101 1061 4166 rebus
1079 4101 1240 4183 eloquen-
1268 4047 1340 4096 deest.

158 4252 178 4286 1.
198 4239 286 4292 Iule..
308 4235 375 4284 Paul.
394 4263 422 4274 -
447 4254 468 4287 a.
488 4241 518 4286 ln
540 4241 571 4286 ls.
597 4251 650 4294 htv,
675 4255 710 4286 ra.
729 4263 758 4275 -
783 4253 804 4299 a
824 4241 839 4286 1
857 4241 945 4292 Thess..
967 4250 984 4293 r,
1007 4253 1028 4299 5.
1046 4265 1076 4274 -
1101 4255 1122 4297 4.
1142 4240 1239 4288 leram..

128 4315 214 4360 xxm,
226 4321 263 4365 29.
281 4331 307 4340 -
326 4319 348 4366 5.
367 4305 450 4361 Heba,
464 4317 499 4362 ιν,
514 4321 549 4354 ra.
