3250 4888
15 785 18 788 -
117 743 263 825 scriptis,
278 745 391 826 potius
414 767 515 827 quarn
533 751 738 828 adiumenta,
755 759 793 813 ut
819 750 1028 832 propositum
1055 759 1144 812 recte
1168 758 1219 812 est

258 281 309 330 DE
336 281 533 332 DOCTRINA
561 283 589 334 S.
619 283 780 334 THOMAE
808 285 849 334 IN
878 284 954 334 SOC.
986 285 1083 336 IESU.
1157 287 1225 356 139

116 431 246 496 fructus
263 453 364 497 nemo
379 437 514 518 quidem
537 439 609 502 sine
633 438 760 502 iactura
787 437 984 519 neglexerit.
1005 437 1055 500 At
1077 439 1227 500 maxime
1295 449 1356 537 ἧος

117 555 199 598 vero
215 539 402 602 cavendum
420 560 462 602 ne
479 541 573 618 sorte,
590 562 633 606 ex
659 543 821 623 opinione
837 561 904 624 qua
929 541 976 604 illi
999 541 1139 604 floreant
1155 542 1227 604 exi·
1292 549 1363 610 1892-

119 640 178 703 mii
195 650 349 704 auctores
374 664 418 705 ex
444 645 585 728 ipsoque
612 648 726 710 studio
752 648 843 729 quod
872 646 1088 727 impendatur
1111 666 1226 708 eorum
1252 663 1390 712 cavendum

1253 737 1405 778 veromstu-

1221 800 1228 826 ’
1253 795 1326 842 dium
1350 793 1404 844 illo·

116 850 163 912 ad
180 870 293 913 veram
319 851 497 915 colendam
521 851 553 916 S.
570 853 723 918 Thomae
748 855 936 918 doctrinam
962 852 1228 934 suppeditentur,
1254 867 1381 937 rumope3

115 952 247 1036 aliquid
264 955 389 1018 oriatur
405 959 495 1052 quod
510 958 666 1021 uniformi
684 959 854 1021 doctrinae
871 955 1016 1020 officiat:
1035 956 1117 1018 haec
1138 957 1227 1018 enim
1246 941 1388 1054 mium-

117 1057 212 1120 nullo
235 1068 336 1140 pacto
358 1061 526 1141 speranda
552 1062 623 1138 erit,
650 1062 713 1124 nisi
740 1060 919 1125 Societatis
947 1059 1073 1149 alumni
1087 1060 1228 1138 „auctori
1254 1055 1382 1108 doctrinae

117 1160 326 1224 adhaereant
342 1163 409 1239 uni,
425 1165 454 1225 ei
472 1165 598 1228 scilicet
626 1166 689 1228 iam
718 1165 869 1246 probato,
884 1166 927 1227 de
950 1184 1017 1245 quo
1043 1183 1110 1225 uno
1135 1183 1229 1244 prae·
1255 1128 1345 1181 noceat,

118 1276 265 1347 ceptum,
281 1277 463 1349 sequantur
478 1269 513 1332 S.
536 1269 701 1344 Tlromarn,
720 1290 855 1351 eumque
870 1267 922 1331 uti
933 1268 1107 1349 proprium
1126 1267 1229 1330 docto·

120 1389 189 1430 rem
205 1367 351 1434 habeant.
376 1371 431 1433 Ex
453 1391 520 1454 quo
546 1374 628 1436 illud
657 1374 873 1455 consequitur
889 1381 935 1448 ut,
958 1372 985 1432 si
1011 1391 1078 1452 qua
1095 1372 1126 1432 in
1152 1391 1186 1434 re
1206 1371 1228 1432 ii
1273 1387 1372 1451 ideoque
1383 1387 1408 1434 si

119 1473 184 1554 ipsi
201 1485 354 1536 auctores
371 1493 454 1556 quos
470 1475 681 1538 laudavimus
698 1496 717 1537 a
733 1475 947 1538 documentis
964 1471 1116 1553 magistri
1138 1491 1228 1533 com·
1254 1453 1408 1567 fimf}

120 1576 232 1638 munis
257 1577 451 1656 dissideant,
477 1577 559 1640 nihil
586 1590 666 1640 tunc
690 1577 931 1658 ambigendum
956 1597 1041 1658 quae
1069 1586 1160 1638 recta
1184 1575 1228 1637 sit
1254 1585 1281 1633 S.
1300 1584 1404 1641 Thomu,

119 1677 195 1757 via;
211 1699 353 1762 eamque
379 1702 445 1743 non
472 1680 606 1744 difficile
631 1683 693 1744 erit
718 1692 841 1758 tenere,
862 1693 1040 1762 propterea
1067 1679 1169 1760 quod,
1193 1679 1226 1739 in
1251 1649 1404 1766 Zicsequm.

1269 1731 1306 1764 us.

118 1784 333 1846 documentis
350 1805 436 1866 quae
453 1796 544 1848 certo
560 1798 637 1848 sunt
662 1785 695 1850 S.
718 1785 881 1862 Thomae,
897 1808 963 1850 non
989 1788 1037 1850 ita
1052 1785 1110 1849 fiet
1132 1785 1228 1848 lacile

120 1895 159 1948 ut
183 1888 361 1969 scriptores
380 1888 558 1954 Societatis
586 1890 629 1950 ab
655 1888 712 1950 illo
738 1907 854 1952 omues
882 1891 1092 1954 dissentiant.
1116 1887 1229 1972 Quare

118 1991 204 2054 satis
220 1989 328 2070 suerit,
347 2003 444 2073 prout
466 1993 637 2074 postulent
653 1993 875 2073 quaestiones
892 1995 918 2056 si
940 2015 985 2056 ex
1007 1993 1071 2055 illis
1087 1993 1229 2056 auctori-

120 2095 185 2157 bus
201 2095 351 2178 deligant
372 2099 519 2179 quicum
538 2097 657 2158 eodem
675 2099 896 2175 consentiant,
912 2103 978 2160 una
995 2119 1096 2179 opera
1121 2097 1229 2178 dupli·

120 2219 195 2261 cem
212 2200 383 2281 capientes
400 2202 590 2277 utilitatem,
607 2201 700 2280 sequi
717 2221 752 2262 se
774 2219 872 2281 posse
891 2199 1073 2264 Doctorem
1092 2199 1229 2282 Angeli-

121 2325 199 2366 cum
217 2315 250 2366 et
266 2305 414 2386 optimos
431 2304 611 2369 Societatis
624 2313 786 2367 auctores.

168 2407 280 2472 Nemo
300 2419 413 2472 autem
431 2410 568 2472 inducat
585 2409 617 2469 in
643 2408 793 2470 animum
817 2409 915 2471 licere
933 2409 996 2470 sibi
1019 2407 1082 2471 illis
1108 2407 1229 2489 promi·
1265 2417 1408 2481 Improbum

119 2531 201 2574 scue
228 2513 443 2594 opinionibus
480 2513 538 2590 uti,
565 2532 649 2593 quas
676 2511 760 2575 sorte
787 2513 1046 2594 deprehenderit
1078 2513 1110 2576 in
1139 2512 1230 2574 libris
1251 2484 1407 2614 {ziam-⁶

120 2617 323 2696 scriptorum
357 2616 537 2681 Societatis
568 2619 682 2699 eisque
713 2619 755 2680 de
787 2619 1036 2680 moderatorum
1065 2615 1230 2697 permissu
1257 2615 1382 2726 nerra‘sire·

121 2719 232 2783 editis.
249 2720 384 2784 Praeter
405 2722 493 2784 enim
519 2739 619 2802 quam
649 2721 738 2802 quod
765 2741 809 2782 ex
836 2721 908 2784 istis
932 2739 997 2782 non
1024 2719 1120 2800 pauci
1149 2718 1230 2780 editi
1257 2695 1409 2808 2²:5⁹2&ss

121 2833 202 2888 sunt
218 2835 398 2907 antequam
417 2835 524 2887 certas
534 2826 577 2887 de
590 2825 710 2886 studiis
723 2824 813 2906 leges
828 2823 980 2888 Societas
993 2823 1231 2898 constituisset,
1257 2826 1408 2926 2252&

122 2929 288 2992 eiusmodi
305 2930 450 2992 libertati
468 2949 651 3010 numquam
681 2930 803 2991 summi
820 2929 1001 3012 praepositi
1019 2948 1085 2990 non
1104 2927 1231 2990 restite·
1257 2941 1411 3005 brorumqui

124 3043 213 3110 runt,
227 3034 290 3096 hoc
317 3043 489 3114 praeterea
513 3033 703 3115 frequenter
728 3045 921 3114 aperteque,
937 3032 1038 3095 etiam
1063 3032 1126 3094 sub
1149 3029 1231 3092 haec
1256 3006 1409 3134 mm

121 3149 289 3218 tempora,
304 3138 429 3214 testati,
445 3137 478 3198 in
500 3137 702 3218 quibusdam
721 3135 881 3198 librorum
898 3123 1092 3198 censoribus
1109 3144 1143 3196 et
1158 3133 1231 3196 d'rli-
1258 3139 1336 3185 missu
1353 3144 1409 3198 pro-

123 3241 260 3322 gentiae
276 3240 351 3322 plus
367 3253 400 3302 et
418 3239 603 3302 severitatis
621 3239 723 3300 fuisse
743 3239 930 3320 optandum
948 3235 998 3319 (Ι).
1020 3237 1058 3300 In
1076 3255 1143 3318 quo
1165 3253 1230 3297 non
1257 3203 1409 3354 aazia·

125 3343 282 3425 equidem
299 3363 414 3406 sumus
437 3343 548 3418 nescii,
565 3343 765 3422 quibusdam
783 3362 827 3403 ex
853 3340 935 3404 locis
952 3340 1230 3402 constitutionum
1259 3373 1300 3406 nes
1320 3363 1370 3404 tres
1381 3357 1410 3404 in

125 3446 252 3528 aliquid
270 3447 387 3508 veniae
411 3447 528 3508 datum
555 3447 668 3520 videri,
693 3454 795 3526 atque
820 3445 922 3507 etiam
949 3443 1048 3524 plane
1073 3441 1136 3503 hoc
1160 3460 1232 3502 esse
1257 3421 1387 3536 fimf

125 3549 337 3627 affirmatum,
363 3550 536 3613 doctrinae
557 3548 590 3612 S.
607 3548 760 3612 Thomae
783 3567 849 3610 non
878 3547 925 3610 ita
937 3544 1147 3609 'Societatem
1175 3541 1232 3603 ha·
1257 3553 1376 3618 definitae

125 3653 148 3714 b
474 3652 481 3666 ,
909 3649 914 3662 .
1260 3621 1332 3682 legem
1349 3618 1378 3665 de

149 3653 272 3716 endam
288 3673 361 3715 esse
377 3655 571 3716 adstrrctam
590 3663 627 3713 ut
644 3651 736 3712 nulla
748 3663 884 3732 prorsus
899 3671 934 3712 m
952 3670 986 3712 re
997 3649 1083 3736 abeo
1095 3647 1234 3710 recedere
1258 3683 1379 3747 mm„

124 3755 287 3838 latente).
308 3756 435 3820 Verum
458 3761 514 3840 qui
531 3762 666 3822 eosdem
686 3761 772 3820 inter
787 3779 823 3822 se
839 3758 1118 3822 constitutionum
1142 3755 1234 3817 locos
1259 3749 1399 3878 §pss-⁰¹⁸⁶

125 3857 276 3922 conserat
301 3859 489 3942 diligenter,
514 3861 610 3926 facile
635 3862 808 3944 intelliget,
835 3873 967 3926 tanturn
991 3861 1107 3923 abesse
1134 3867 1170 3920 ut
1195 3877 1234 3919 ea
1260 3887 1339 3928 mant.

125 3965 199 4046 ipsa
216 3967 418 4046 exceptione
442 3965 627 4047 quidquam
645 3965 686 4028 de
712 3964 842 4046 legibus
858 3965 976 4047 positis
993 3966 1180 4044 derogetur,
1198 3969 1234 4022 ut

156 4111 175 4144 1.
196 4097 233 4143 Ex
243 4099 326 4144 litteris
338 4099 363 4144 P.
377 4098 404 4144 C.
416 4099 548 4157 Aquaviva.
564 4111 603 4142 an.
623 4099 687 4156 1613,
700 4098 728 4143 de
744 4097 889 4143 observanda
900 4096 995 4142 ratione
1011 4096 1148 4140 studiorum
1164 4094 1236 4152 deque

122 4165 237 4213 doctrina
248 4165 276 4210 S.
290 4167 410 4211 Thomae:
426 4178 455 4212 ex
465 4165 625 4212 Ordinatione
644 4167 669 4211 P.
684 4165 710 4210 F.
730 4164 885 4211 Picoolomini
898 4171 943 4223 pro
958 4165 1048 4209 studiis
1064 4160 1233 4222 superioribus,

124 4247 165 4280 an.
181 4231 410 4292 1651:e10rdinar.
425 4234 450 4279 P.
463 4234 489 4279 P.
503 4233 591 4285 Beckx.
604 4247 643 4279 an.
659 4235 723 4291 1858.

156 4315 178 4348 2.
200 4302 296 4362 Congr„
308 4313 334 4355 v.
344 4303 407 4348 decr.
421 4305 456 4360 56.
