3250 4888
250 659 403 710 Plurasunt

249 725 280 773 in
297 725 401 774 illisce·

250 791 333 840 maliis
342 799 401 855 pro·

242 857 336 920 rposr'ta,
338 873 403 921 quae

249 987 321 1036 mira
353 1002 400 1035 an·

249 1067 313 1102 num
337 1054 400 1102 Con·

289 1119 401 1181 araverat

293 1183 400 1246 Regula·

265 1248 352 1307 rr'um,·
371 1249 400 1298 dc

264 1315 360 1362 aliis
339 1330 400 1378 sam

267 1381 400 1442 proauum

247 1451 291 1506 est,

432 288 501 360 154
539 292 728 344 transnare
749 281 769 310 “
789 293 1018 345 rrsronxtrs
1038 295 1212 348 nunnius
1230 294 1394 346 orr1c1o.
1413 271 1430 298 ''

426 438 509 504 illud
527 443 666 506 maximi
684 445 846 506 momenti
874 443 1020 508 futurum
1038 459 1067 523 t,
1083 455 1116 509 et
1135 445 1295 526 singulari
1313 443 1420 508 laudis
1435 463 1516 526 prae·

426 543 525 608 conio
541 549 734 628 prosequuti
750 547 853 610 simus
871 557 889 612 <l
906 548 1085 630 praeclara,
1101 569 1189 630 quae
1205 549 1396 632 praebuere,
1411 547 1515 612 unani-

429 649 554 714 mitatis
570 661 604 714 et
630 671 812 733 generosae
838 653 1073 736 abnegationis
1089 663 1290 737 argumenta
1311 667 1340 720 t
1359 653 1432 717 Iam
1448 673 1515 716 vero

428 756 476 818 uti
493 757 588 837 plura
604 757 832 839 capitulariter
855 758 1028 840 proposita
1052 759 1229 823 inserenda
1244 767 1341 822 erunt
1358 759 1390 821 in
1408 757 1518 822 consti·

428 860 637 924 tutionibus
628 870 715 925 intra
727 881 853 926 annum
870 863 980 926 eidem
998 857 1244 946 Episcoporum
1260 873 1294 927 et
1312 863 1517 945 Regularium

379 929 690 1048 “Congregationi
703 967 914 1046 exhibendis,
924 978 1025 1052 atque
1038 988 1105 1033 una
1128 990 1204 1032 cum
1222 969 1273 1032 his
1287 969 1521 1051 perpendenda,

427 1070 473 1134 ita
490 1071 651 1136 nonnulla
667 1082 797 1151 extant,
813 1073 880 1137 fere
895 1075 1011 1137 omnia
1037 1073 1208 1137 communi
1233 1073 1363 1137 calculo
1378 1075 1518 1155 probata,

426 1175 469 1239 de
491 1176 649 1258 quibus
640 1196 672 1240 m
701 1197 859 1258 praesens
886 1187 937 1242 est
961 1179 1216 1261 providendum,
1234 1197 1276 1241 ne
1292 1179 1437 1259 amplius
1461 1197 1521 1240 sus·

427 1299 531 1361 pensa
559 1279 765 1362 relinquatur
795 1302 836 1345 ac
866 1282 993 1346 incerta
1017 1281 1163 1344 instituti
1189 1279 1361 1358 conditio;
1389 1278 1521 1358 ideoque

426 1383 582 1446 omnibus
599 1385 644 1446 rei
662 1386 840 1447 momentis
853 1393 988 1448 attento
1000 1405 1040 1447 ac
1050 1383 1168 1447 sedulo
1185 1382 1343 1446 examine
1359 1380 1521 1468 perpensis

426 1507 501 1552 cum
519 1487 595 1550 VV.
613 1489 678 1552 FF.
705 1487 782 1551 ΝΝ
806 1488 838 1553 S.
867 1488 908 1554 R
926 1488 963 1552 E
988 1487 1223 1552 Lardrnalrbus
1241 1487 1385 1570 negotiis
1401 1495 1436 1550 et
1452 1503 1520 1547 con

426 1593 662 1657 sultationibus
694 1593 940 1674 Episcoporum
972 1601 1006 1656 et
1044 1591 1263 1673 Regularium
1304 1587 1519 1672 expediendis

353 1682 356 1688 ¹
425 1697 687 1778 dirimendisque
717 1695 926 1776 praepositis,
957 1695 1049 1770 haec,
1080 1715 1167 1777 quae
1197 1694 1412 1775 infrascripta
1443 1699 1520 1767 sunt,

266 2722 295 2794 et
304 2721 399 2765 statuta

246 2788 369 2834 citantur.

425 1801 605 1866 statuenda
628 1821 666 1863 ac
689 1800 900 1864 decernenda
923 1799 1202 1863 existimavimus
1219 1798 1389 1862 Nimirum
1415 1815 1521 1860 omnes

426 1914 459 1968 ct
477 1905 635 1988 singulos,
660 1905 780 1988 quibus
807 1903 952 1968 Nostrae
978 1903 1043 1967 hae
1066 1904 1197 1968 litterae
1220 1903 1344 1979 favent,
1371 1899 1524 1986 peculiari

426 2008 948 2090 benevolentiacomplectentes,
970 2016 1039 2070 eta
1063 2005 1235 2090 quibusvis
1256 2005 1521 2070 excommunica-

425 2114 526 2176 tionis
541 2123 575 2178 et
592 2112 916 2194 interdicti,aliisque
932 2112 1166 2186 ecclesiasticis
1183 2112 1339 2188 censuris,
1354 2108 1522 2175 sententiis

426 2228 459 2282 ct
486 2217 602 2300 poenis
618 2217 736 2299 quovis
760 2216 871 2293 modo,
887 2216 939 2279 vel
957 2215 1075 2298 quavis
1098 2217 1141 2278 de
1154 2235 1273 2278 caussa
1289 2214 1377 2292 latis,
1393 2214 1421 2276 si
1446 2229 1521 2294 quas

426 2321 511 2387 forte
537 2325 743 2400 incurrerint,
767 2324 866 2387 huius
892 2333 1026 2388 tantum
1051 2322 1097 2384 rei
1122 2321 1234 2403 gratia
1259 2321 1474 2386 absolventes
1495 2326 1522 2380 et

425 2428 597 2494 absolutos
622 2427 691 2493 fore
717 2438 901 2503 censentes
924 2429 1021 2491 Motu
1049 2429 1195 2509 propri0,
1225 2437 1328 2510 atque
1360 2445 1409 2488 ex
1443 2432 1522 2486 certa

425 2533 566 2594 scientia
580 2541 614 2594 et
631 2542 763 2595 matura
778 2531 1019 2596 deliberatione
1030 2531 1166 2606 Nostra,
1182 2530 1292 2612 deque
1309 2527 1522 2611 Apostolicae

425 2636 602 2719 potestatis
613 2635 830 2717 plenitudine,
840 2635 1066 2718 praesentium
1078 2634 1119 2710 vi,
1130 2644 1329 2716 perpetuum
1347 2633 1382 2695 in
1395 2633 1523 2695 modum

426 2739 599 2814 edicimus,
614 2761 653 2802 ac
670 2742 870 2803 mandamus
885 2763 945 2803 :—
957 2739 981 2801 l.
993 2738 1043 2803 Ut
1056 2747 1123 2800 tres
1140 2737 1417 2802 Cisterciensium
1428 2735 1524 2814 Trap-

425 2845 586 2925 pistarum
603 2843 837 2907 observantiae
853 2841 1151 2918 Westamallensis,
1177 2839 1474 2922 Septemiontium,
1494 2845 1522 2900 et

426 2949 704 3026 Mellereacensis,
720 2970 823 3012 unum
835 2949 977 3031 posthae
993 2957 1126 3011 tanturn
1143 2946 1297 3008 ordinem
1313 2945 1523 3018 constituant,

424 3051 487 3114 sub
513 3053 609 3114 unius
636 3053 814 3132 superioris
839 3051 1010 3132 regimine.
1035 3087 1080 3098 -
1104 3049 1150 3114 11.
1178 3049 1273 3112 Haec
1302 3046 1522 3132 Congregatio

424 3156 549 3218 existet
561 3163 745 3219 autonoma
762 3153 1159 3235 subuniusApostolicae
1177 3151 1275 3217 Sedis
1292 3152 1522 3234 dependentia,

423 3257 523 3321 salvis
540 3259 664 3327 iuribus
693 3257 948 3322 Ordinatiorum
978 3257 1128 3320 locorum
1155 3255 1255 3320 iuxta
1271 3257 1521 3319 constitutiones

423 3361 650 3444 Apostolicas,
666 3371 699 3426 et
717 3360 921 3424 Instituti-
933 3359 998 3422 III.
1011 3359 1144 3422 Nomen
1161 3361 1192 3422 ei
1208 3368 1282 3422 esto
1299 3358 1396 3424 Ordo
1409 3358 1522 3424 Cister-

422 3464 584 3528 ciensium
597 3465 869 3528 Reformatorum
881 3464 1007 3526 Beatae
1019 3461 1148 3526 Mariae
1162 3461 1312 3544 Virginis
1328 3461 1372 3525 de
1383 3461 1522 3543 Trappa,

422 3577 456 3631 et
472 3567 631 3651 Superior
646 3567 810 3651 generalis
823 3577 1034 3649 nuncupetur
1054 3580 1071 3634 t
1087 3567 1206 3630 Abbas
1223 3565 1389 3649 generalis
1408 3565 1521 3631 Cister-

422 3674 582 3736 ciensium
611 3672 884 3737 Reformatorum
913 3671 950 3736 B.
980 3672 1108 3736 Mariae
1131 3675 1174 3736 de
1200 3671 1382 3754 Trappal.
1402 3709 1447 3721 -
1470 3669 1522 3733 lV.

423 3775 529 3839 Sedes
546 3775 691 3839 Abbatis
718 3775 892 3858 generalis,
916 3777 988 3838 eius
1016 3773 1221 3854 Definitoris,
1236 3795 1274 3838 ac
1302 3771 1520 3839 Procuratoris

422 3880 587 3961 generalis
613 3881 656 3945 sit
685 3881 823 3944 Romae.
840 3879 1001 3944 Abbadia
1032 3899 1119 3962 quae
1146 3880 1179 3942 in
1204 3879 1339 3943 titulum
1369 3879 1520 3958 deinceps

422 3983 648 4064 assignabitur
663 3983 792 4048 Abbati
813 3983 961 4067 generali
989 3985 1050 4046 erit
1075 3983 1230 4065 princeps
1258 3983 1292 4045 iu
1309 3991 1383 4046 toto
1401 3981 1521 4048 Ordine

422 4087 549 4150 honore
565 4096 599 4151 et
622 4088 831 4154 auctoritate.
857 4125 901 4137 --
925 4087 967 4152 V.
984 4087 1090 4151 Ratas
1115 4088 1250 4168 insuper
1266 4085 1385 4150 eadem
1404 4087 1521 4149 Nostra

422 4189 623 4272 Apostoliea
639 4193 840 4257 auctoritate
856 4192 1021 4256 habemus
1045 4203 1079 4256 et
1095 4190 1332 4256 confirmamus
1348 4190 1520 4255 electiones

423 4295 455 4357 in
480 4293 639 4377 Capitulo
662 4295 809 4378 generali
834 4305 987 4378 peractas
1012 4295 1157 4359 Abbatis
1173 4294 1348 4377 generalis,
1364 4291 1520 4356 Definito·
