3250 4888
460 240 512 291 DE
541 241 707 294 ROSARIO
734 243 906 294 MARlALl.
1169 245 1237 316 113

126 389 277 473 complet
294 401 328 454 et
352 390 430 455 beat
445 390 556 473 gratie
571 411 630 456 sua
651 414 659 470 ;
675 392 823 474 ipsaque,
840 393 944 458 allato
960 394 1094 460 caelesti
1111 395 1240 473 nuntie,
1336 407 1354 454 a

126 494 336 575 designatur,
351 513 396 557 ex
423 513 499 574 qua,
526 495 648 558 virtute
675 506 797 577 agente
824 495 968 578 Spiritus
996 496 1121 577 Sancti,
1137 517 1239 581 expe·
1305 464 1379 577 {5²9⁰}

126 607 239 664 ctatus
253 595 309 660 ille
323 596 484 662 Servator
500 598 650 678 gentium
664 607 779 662 nostra
793 599 825 661 in
843 598 1054 664 humanitate
1069 601 1113 664 sit
1128 601 1239 684 prodi·
1299 627 1334 675 J„
1343 629 1400 677 Ma·

125 715 233 766 turus.
252 699 485 766 Celsissimum
505 702 681 782 dignitatis
698 704 840 784 gradum
858 713 986 785 quanto
1002 704 1076 788 plus
1089 725 1129 768 ea
1142 707 1239 770 mira·
1267 692 1393 808 ml?

126 816 182 869 tur
198 813 231 869 et
248 805 376 868 muneri
398 806 515 869 tribuit
531 805 661 887 potenti
682 807 954 890 misericordique
969 809 1054 886 Deo,
1076 817 1174 874 tanto
1196 830 1241 889 se,
1268 823 1418 888 Ejusanciz-

127 907 251 973 nullius
277 909 340 971 sibi
364 909 498 973 conscia
514 910 655 986 virtutis,
680 908 839 992 deprimit
864 909 1032 987 humilius,
1048 931 1150 993 seque
1175 913 1240 976 Dei
1268 889 1419 948 laureatae,-

126 1009 296 1087 ancillam,
321 1009 392 1074 eius
415 1009 495 1072 dum
529 1007 565 1072 fit
598 1017 713 1085 mater,
743 1020 903 1093 prompto
930 1011 1044 1074 animo
1076 1011 1176 1076 edicit
1207 1019 1241 1075 et

126 1115 280 1179 devovet
298 1112 401 1196 Quod
426 1123 539 1177 autem
565 1112 714 1194 pollicita
731 1123 846 1177 sancte
863 1124 923 1190 est,
940 1115 972 1178 id
990 1115 1108 1178 alacris
1125 1126 1241 1179 sancte
1268 1099 1406 1205 tonsorsfir

126 1226 286 1301 praestat,
302 1219 369 1282 iam
401 1225 472 1282 tum
500 1226 663 1300 perpetua
686 1237 762 1282 cum
788 1219 862 1282 lesu
887 1218 965 1294 filio,
986 1219 1028 1282 ad
1045 1219 1170 1302 gaudia
1197 1222 1240 1286 ad
1267 1204 1419 1320 ‘afflig-um

126 1324 290 1399 lacrimas,
314 1323 552 1386 communione
583 1323 672 1385 vitae
697 1323 860 1387 instituta.
888 1323 944 1389 Sic
972 1325 1038 1390 tale
1069 1325 1240 1408 fastigium
1265 1285 1420 1386 ἷῗᾱοῖονιιυι

124 1427 263 1512 gloriae,
285 1435 322 1490 ut
348 1445 448 1489 nemo
474 1426 559 1490 alius
584 1447 644 1490 nec
669 1427 773 1490 horno
801 1447 862 1490 nec
890 1429 1040 1510 angelus,
1065 1427 1241 1508 obtinebit,
1262 1402 1403 1516 ζ’ζζῇᾗζζ

126 1531 207 1615 quia
237 1549 314 1594 cum
342 1529 416 1611 ipsa
442 1549 541 1594 nemo
572 1530 634 1594 erit
658 1531 819 1594 virtutum
848 1531 1036 1614 promeritis
1069 1533 1240 1598 conferen-
1269 1535 1392 1610 zaream

125 1636 190 1701 dus
205 1653 214 1712 ;
231 1634 277 1698 sic
295 1653 369 1698 eam
387 1635 498 1716 superi
514 1644 547 1697 et
565 1635 727 1698 mundani
749 1637 975 1718 regni'manet
998 1657 1132 1716 corona,
1149 1639 1241 1722 quod
1269 1604 1401 1648 mentum.

127 1741 255 1805 invicta
270 1739 383 1803 futura
399 1740 442 1803 sit
458 1739 573 1822 regina
591 1751 792 1824 martyrum;
808 1741 855 1804 sic
872 1742 905 1805 in
923 1742 1059 1807 caelesti
1077 1743 1142 1807 Dei
1163 1744 1240 1807 civiss

124 1853 197 1910 tate
213 1864 273 1926 per
288 1843 523 1908 aeternitatem
539 1863 675 1908 ornnem
692 1853 853 1908 coronata
870 1845 1031 1910 assidebit
1047 1847 1090 1909 ad
1109 1846 1243 1924 Filium,

125 1950 217 2036 quod
235 1957 430 2012 constanter
445 1967 504 2031 per
520 1967 656 2013 omnem
683 1949 798 2026 vitam,
814 1949 1087 2014 constantissime
1114 1951 1148 2014 in
1165 1949 1241 2015 Cal·

125 2053 227 2130 varia,
244 2052 489 2116 redundantem
503 2053 637 2118 tristitia
648 2051 785 2116 calicem
797 2053 841 2117 sit
857 2073 933 2116 cum
944 2053 1002 2117 illo
1024 2053 1242 2121 exhaustura.

123 2156 272 2219 -Ecce
288 2164 401 2219 autern
414 2156 445 2218 in
465 2155 573 2218 Maria
589 2156 719 2219 virtutis
730 2156 840 2219 omnis
852 2156 1026 2238 exemplar
1039 2175 1114 2220 vere
1131 2157 1240 2221 bonus
1303 2167 1379 2242 Arri-

126 2270 161 2324 et
183 2257 364 2342 providens
393 2257 486 2320 Dens
513 2256 688 2320 constituit
716 2256 813 2320 nobis
840 2257 1073 2340 aptissimum:
1100 2277 1243 2340 eamque
1271 2231 1420 2282 demarra-

1271 2303 1327 2346 lum
1343 2313 1422 2346 exem·

125 2363 232 2430 oculis
249 2369 282 2426 et
306 2360 511 2443 cogitatione
542 2361 719 2438 intuentes,
750 2381 816 2424 non
846 2361 985 2439 animos,
1010 2361 1104 2444 quasi
1135 2362 1242 2426 divini
1269 2363 1412 2477 {24:¹13qu

125 2464 274 2532 numinis
290 2463 419 2548 fulgore
432 2464 608 2546 perstricti,
624 2465 885 2547 despondemus,
901 2465 960 2528 sed
977 2485 1023 2528 ex
1039 2465 1112 2554 ipsa
1129 2463 1243 2530 allecti
1272 2493 1406 2558 nobispr·o=

125 2568 316 2634 communis
333 2568 583 2650 propinquitate
610 2577 758 2644 naturae,
774 2567 931 2632 fidentius
948 2568 991 2632 ad
1015 2567 1243 2632 imitationem
1266 2560 1415 2688 {mornss‘i

125 2672 294 2738 enitimur.
323 2670 386 2738 Cui
411 2669 567 2734 studiosi
600 2691 670 2748 nos,
687 2691 726 2734 ea
747 2672 896 2735 maxime
930 2671 1121 2748 adiuvante,
1151 2681 1243 2736 totos
1272 2654 1423 2738 strumam

124 2775 363 2852 dediderimus,
380 2774 493 2840 licebit
509 2774 660 2857 profecto
685 2776 817 2840 virtutis
842 2783 958 2840 tantae
985 2775 1244 2858 sanctitatisque
1270 2756 1423 2870 ζζζῖᾝζ

125 2881 333 2943 lineamenta
349 2878 468 2943 saltem
485 2880 683 2962 exprimere,
700 2890 733 2945 et
750 2900 850 2964 quam
875 2879 1116 2945 admirabiliter
1132 2880 1244 2945 tenuit
1271 2885 1371 2934 imitati
1383 2888 1410 2933 in

124 2983 172 3049 ad
201 2982 314 3046 omnia
347 2982 411 3046 Dei
442 2982 582 3048 consilia
613 2985 891 3067 aequabilitatem
922 2985 1021 3062 vitae,
1051 2983 1244 3061 referentes,
1270 2953 1423 3080 sszsslfi'ssb'

123 3088 238 3169 ipsam
255 3084 368 3148 licebit
385 3085 542 3169 subsequi
559 3086 603 3150 ad
619 3085 758 3150 caelum.
775 3125 819 3136 -
836 3087 909 3150 lam
927 3107 987 3151 nos
1001 3087 1240 3170 peregrinatio·
1272 3081 1410 3194 inpactum

124 3210 208 3256 nem
223 3209 264 3252 eo
279 3197 480 3270 susceptam,
495 3191 650 3272 quamvis
667 3211 786 3273 aspera
803 3190 985 3273 multisque
1000 3191 1044 3256 sit
1063 3189 1241 3256 difficulta·
1270 3153 1408 3260 auxilfuill

122 3295 219 3361 tibus
235 3294 408 3376 impedita,
417 3294 568 3359 animose
590 3293 788 3378 fortiterque
801 3295 996 3358 insistamus
1011 3317 1019 3373 ;
1035 3314 1118 3359 neve
1139 3295 1241 3360 mole·
1269 3276 1426 3391 :¹:225aess

122 3399 228 3465 stiam
246 3399 332 3462 inter
348 3407 381 3462 et
397 3397 546 3463 laborem
564 3417 731 3464 cessemus
748 3399 885 3462 tendere
898 3399 940 3462 ad
959 3398 1101 3462 Mariam
1114 3398 1241 3482 suppli·
1265 3407 1371 3484 portis,
1387 3415 1417 3454 ut

123 3505 211 3570 citer
227 3521 347 3564 manus
364 3501 396 3564 in
413 3522 469 3564 eas
498 3501 671 3566 Ecclesiae
686 3521 806 3565 voces:
823 3501 886 3565 Ad
907 3509 937 3566 te
967 3502 1175 3584 suspiramus
1184 3522 1240 3585 ge·
1265 3473 1401 3602 2222?ss

122 3617 250 3674 mentes
264 3605 416 3688 efflantes
428 3607 463 3668 in
479 3605 539 3670 lzac
561 3606 777 3670 lacrimarum
793 3607 945 3683 valle,·...
965 3607 1038 3671 illos
1058 3617 1130 3671 tuos
1145 3607 1239 3670 mise·
1267 3619 1324 3653 mus
1346 3609 1425 3652 aeter·

123 3708 270 3776 sacerdes
288 3710 391 3772 oculos
416 3709 466 3774 ad
477 3731 535 3773 nos
556 3719 725 3774 converte:
737 3709 849 3774 Vitam
857 3720 994 3793 praesta
1013 3721 1147 3793 puram,
1178 3709 1244 3774 iter
1268 3686 1338 3720 nam.

114 3827 211 3900 para
226 3822 345 3891 tutum,
357 3823 395 3878 ut
409 3813 554 3877 videntes
566 3814 686 3890 Iesum,
697 3826 821 3897 semper
830 3815 1096 3899 collaetemur(¹).
1114 3814 1162 3880 At
1175 3814 1241 3892 illa,

124 3936 226 4003 quae,
252 3917 388 3981 tametsi
407 3917 532 3981 nullam
550 3919 584 3981 in
602 3938 637 3981 se
653 3939 761 4001 passa,
778 3919 988 3984 debilitatem
1007 3927 1145 3983 naturae
1165 3939 1241 3984 nos-

123 4035 202 4089 trae
218 4021 504 4104 vitiositatemque
516 4025 695 4106 pernoscit,
705 4043 859 4106 quaeque
870 4033 1014 4088 matrum
1029 4025 1180 4089 omnium
1190 4025 1241 4089 est

122 4125 260 4209 optima
279 4137 313 4189 et
329 4125 584 4201 studiosissima,
600 4145 701 4208 quam
720 4127 816 4190 nobis
832 4138 1022 4210 opportune
1042 4128 1242 4210 prolixeque

159 4264 184 4296 ι,
195 4250 238 4294 Ex
247 4263 309 4298 sacr.
322 4251 410 4312 liturg.

184 4384 239 4424 Acta
251 4383 335 4426 Leonis.
1124 4392 1151 4434 V.
1162 4415 1185 4424 -
1197 4395 1208 4434 Β
