3250 4888
407 275 474 344 108
528 295 710 348 nnsuonn
729 296 939 348 eucnemon
961 285 980 313 ‘⁴
1001 297 1161 349 neonae
1179 299 1245 348 uer
1265 299 1416 350 manns.
1432 277 1450 302 ''

261 454 373 530 Vintur·
403 445 484 508 riale
496 445 676 510 Roran'um
686 447 861 529 potissime
876 449 1132 529 assequendum.
1149 485 1192 496 -
1209 447 1265 511 Ab
1282 447 1354 528 ipsa
1371 449 1416 513 rei
1427 445 1505 512 satis

241 533 373 650 qums
401 549 536 632 cognita
563 550 701 632 origine,
717 569 818 632 quam
847 550 1017 632 praeclara
1045 565 1263 616 monumenta
1284 551 1450 616 illustrant
1474 560 1505 614 et
1607 535 1608 540 ἵ

17 623 63 752 f}
102 701 106 706 „
188 713 189 716 ,
221 649 372 726 Μ’Μῑ·
401 653 737 718 commemoravimus
756 653 824 736 Ipsi
842 673 907 718 non
932 655 1045 732 semel,
1062 665 1263 738 praepotens
1280 655 1329 718 vis
1352 654 1506 720 eiuslau·

222 717 373 844 “2225'ss
401 757 507 820 datur.
531 755 609 839 Quo
634 757 722 821 enim
748 768 900 840 ternpore
926 759 1161 841 Albigensium
1187 771 1287 836 secta,
1308 759 1506 841 integritatis

230 845 374 908 Aluigemes
401 856 478 920 fidei
495 877 694 942 morumque
709 861 820 942 specie
834 862 970 943 quidem
987 862 1122 939 fautrix,
1139 884 1172 925 re
1188 881 1266 926 vera
1282 862 1506 944 perturbatrix

12 897 24 940 :¹
111 949 115 958 ,
222 917 246 959 et
257 911 320 960 alus
332 909 373 960 ho·

222 981 269 1024 sres
284 975 373 1025 abEc·
402 962 546 1042 pessima
562 971 596 1027 et
619 965 820 1046 corruptrix,
836 983 961 1047 magno
983 965 1096 1029 multis
1120 964 1277 1047 gentibus
1295 977 1367 1031 erat
1394 965 1507 1040 exitio¹

251 1041 374 1171 {2⁸22ss
401 1065 433 1126 in
451 1083 526 1128 earn
542 1067 851 1149 consceleratasque
883 1065 1044 1131 sactiones
1068 1069 1231 1150 pugnavit
1258 1067 1418 1144 Ecclesia,
1441 1086 1506 1130 non

27 1185 32 1206 ³
62 1179 65 1234 Ξ
174 1161 176 1164 ’
239 1177 372 1220 etmsmt·
400 1169 505 1250 copiis
532 1188 640 1252 neque
656 1169 766 1246 armis,
790 1169 848 1234 sed
870 1169 1065 1252 interposita
1089 1172 1267 1254 praecipue
1290 1169 1505 1236 sacratissimi

224 1243 376 1352 ,mm-
402 1269 532 1334 Rosarii
560 1271 690 1348 virtute,
706 1273 799 1334 cuius
825 1273 926 1336 ritum
943 1275 1016 1355 ipsa
1035 1271 1216 1337 Dominico
1244 1276 1331 1355 patri
1360 1273 1507 1356 Deipara

12 1337 61 1476 ἶ
110 1399 111 1404 ,
218 1368 373 1432 peripeta-
401 1376 539 1439 tfadidit
565 1377 848 1459 propagandum;
871 1387 973 1459 atque
1004 1377 1052 1440 ita
1078 1377 1121 1440 de
1147 1378 1304 1441 omnibus
1334 1375 1508 1459 magnifice

16 1691 18 1698 y
34 1649 56 1692 ιζ
161 1667 163 1670 -
220 1629 309 1692 gratia
323 1629 373 1691 ple·

51 1715 54 1742 t

223 1439 373 1546 mm:
401 1479 532 1555 victrix,
547 1497 683 1543 suorum
700 1479 810 1554 saluti,
834 1487 906 1543 tum
923 1498 981 1560 per
997 1499 1082 1555 eam,
1098 1489 1170 1544 tum
1188 1499 1246 1562 per
1273 1479 1399 1542 similes
1415 1477 1508 1542 deiu-

222 1569 286 1612 trem
313 1563 372 1620 Dei,

224 1709 294 1752 nam,
312 1693 375 1742 etde
402 1684 435 1747 in
448 1685 511 1748 hoc
525 1704 633 1750 rerum
650 1693 685 1750 et
700 1685 877 1748 hominum
894 1703 992 1748 cursu
1010 1703 1110 1766 quern
1122 1686 1365 1769 conquerimur,
1380 1684 1509 1748 luctuo-

223 1759 376 1873 epm?
402 1806 474 1851 sum
503 1787 664 1870 religioni,
691 1789 1011 1870 perniciosissimum
1040 1789 1087 1851 rei
1116 1789 1279 1870 publicae,
1295 1789 1367 1872 pari
1390 1807 1509 1853 omnes

224 1891 377 2003 nima
402 1893 528 1976 pietate
558 1904 710 1958 sanctam
743 1894 808 1957 Dei
839 1893 1044 1958 Genitricem
1076 1893 1299 1958 communiter
1330 1893 1509 1975 implorare

400 1600 478 1662 ceps
491 1580 664 1662 procellas,
676 1583 770 1645 exitu
783 1601 915 1664 semper
926 1581 1075 1662 glorioso
1090 1581 1266 1646 consuluit.
1278 1579 1508 1665 Quamobrem
1609 1589 1610 1596 ’

266 2021 373 2083 largr'en-
402 2021 542 2066 exorare
558 2009 701 2084 oportet,
719 2011 754 2064 ut
786 2001 942 2066 eamdem
961 2000 1032 2064 eius
1057 1999 1189 2064 Rosarii
1216 2002 1375 2066 virtutem
1392 2019 1509 2064 secun·
1610 2031 1611 2064 r

315 2092 373 2136 “l''
402 2106 483 2168 dum
502 2115 581 2169 vota
596 2105 760 2170 laetemur
785 2108 926 2187 experti.
943 2143 987 2154 -
1003 2103 1186 2170 Enimvero
1211 2125 1314 2187 quum
1340 2101 1509 2186 precando
1610 2115 1611 2126 ¹

403 2206 614 2289 confugimus
629 2207 672 2271 ad
691 2205 844 2285 Mariam,
859 2210 902 2271 acl
921 2208 1065 2272 Matrem
1092 2207 1342 2272 Misericordiae
1358 2205 1509 2290 confugi-

404 2329 487 2388 mus,
503 2313 550 2374 ita
566 2312 599 2374 in
617 2331 678 2374 nos
691 2311 856 2388 affectam,
872 2321 908 2376 ut
921 2309 1156 2394 qualicumque
1169 2313 1377 2389 necessitate,
1390 2312 1433 2375 ad
1448 2311 1509 2373 im·

403 2417 552 2480 mortalis
586 2417 780 2498 praesertim
812 2419 901 2481 vitae
931 2417 1156 2500 adeptionem,
1188 2435 1387 2499 premamur,
1417 2416 1509 2479 illico

403 2521 498 2584 nobis
515 2530 548 2584 et
563 2519 661 2598 ultr0,
676 2539 717 2584 ne
734 2531 853 2585 vocata
877 2519 1024 2603 quidem,
1040 2533 1174 2601 praesto
1190 2521 1233 2584 sit
1248 2539 1390 2602 semper,
1406 2531 1511 2602 atque

402 2629 443 2692 de
459 2628 618 2692 thesauro
629 2628 789 2711 largiatur
804 2628 893 2692 illius
904 2628 1031 2711 gratiae
1047 2647 1114 2711 qua
1126 2628 1205 2692 inde
1218 2628 1261 2692 ab
1274 2628 1370 2692 initio
1382 2628 1511 2692 donata

402 2742 452 2795 est
471 2731 571 2813 plena
585 2731 719 2815 copiaa
746 2733 830 2808 Deo,
846 2733 948 2815 digna
974 2743 1010 2795 ut
1026 2731 1098 2794 eius
1115 2741 1222 2795 mater
1242 2731 1412 2795 existeret
1432 2729 1512 2794 Hac
1611 2729 1612 2734 ’

402 2835 527 2899 scilicet
543 2836 670 2918 gratiae
686 2837 792 2919 copia,
809 2855 895 2919 quae
923 2837 955 2899 in
974 2836 1088 2900 multis
1105 2836 1255 2918 Virginis
1285 2836 1440 2900 laudibus
1457 2845 1511 2898 est

403 2939 674 3022 praeclarissima,
690 2938 790 3021 longe
806 2940 879 3022 ipsa
909 2939 1038 3003 cunctis
1053 2939 1228 3002 hominum
1250 2947 1283 3002 et
1311 2937 1510 3019 angelorum

403 3041 575 3107 ordinibus
585 3042 764 3118 antecellit,
777 3041 912 3108 Christo
922 3062 990 3108 una
1002 3043 1153 3105 omnium
1168 3040 1515 3124 proximazMagrrum

401 3145 489 3208 enim
511 3145 608 3209 estin
630 3145 770 3228 quolibet
781 3155 900 3224 sancto,
925 3143 1055 3228 quando
1077 3143 1175 3209 habet
1197 3153 1328 3208 tantum
1343 3144 1513 3227 degratia

402 3249 619 3333 quodsufficr‘t
631 3249 827 3314 adsalutem
844 3249 1024 3314 multorum
1039 3271 1052 3313 .·
1066 3249 1126 3312 sed
1141 3247 1271 3330 quando
1291 3248 1422 3312 haberet
1440 3256 1515 3310 tan·

403 3365 482 3431 trmr,
496 3353 584 3436 quod
589 3353 746 3438 sufficeret
764 3354 963 3419 adsalutem
977 3352 1124 3416 omnium
1146 3350 1316 3415 hominum
1331 3351 1371 3413 de
1381 3349 1516 3422 mundo,

403 3459 752 3534 hocessetmaximum,·
761 3459 912 3523 etlrocest
922 3459 956 3520 in
965 3455 1094 3523 Christo
1103 3466 1134 3520 et
1144 3457 1179 3518 in
1193 3455 1298 3520 Beata
1313 3453 1478 3536 Virgine(
1494 3457 1515 3536 ).

257 3579 376 3629 Gratusi-
406 3564 446 3628 Ei
464 3584 524 3627 nos
540 3565 649 3646 igitur,
664 3583 769 3646 quum
786 3565 893 3647 gratia
910 3563 1043 3644 plenam
1060 3560 1215 3641 angelico
1231 3559 1411 3641 praeconio
1423 3558 1515 3621 salu-

238 3661 308 3694 mum
320 3645 378 3694 Ma.
404 3678 524 3742 tamus,
554 3668 774 3750 eamdemque
802 3667 956 3732 iteratam
984 3663 1118 3727 laudem
1136 3664 1169 3726 in
1187 3681 1328 3726 coronas
1352 3662 1415 3724 rite
1432 3679 1517 3724 con·

244 3717 379 3825 migr
405 3773 578 3848 nectimus,
592 3772 657 3834 dici
674 3771 733 3834 vix
756 3779 868 3853 potest
883 3789 985 3852 quam
1002 3777 1136 3850 gratum
1153 3776 1375 3848 optatumque
1398 3763 1517 3828 leceri-

238 3842 379 3958 ΜΨἭ
407 3897 479 3940 mus
498 3900 504 3939 :
521 3875 619 3940 toties
632 3875 721 3939 enim
738 3894 758 3938 a
775 3873 871 3938 nobis
887 3873 1048 3938 memoria
1064 3872 1159 3954 quasi
1183 3869 1351 3933 excitatur
1371 3879 1442 3932 turn
1464 3869 1517 3932 di·

405 3984 543 4067 gnitatis
559 3981 629 4044 eius
645 3979 808 4057 excelsae,
823 3989 895 4044 tum
913 3979 1017 4042 initae
1033 3999 1053 4041 a
1071 3977 1147 4040 Deo
1163 3997 1222 4060 per
1246 3977 1352 4058 ipsam
1370 3971 1515 4038 humani

404 4087 535 4169 generis
567 4085 805 4167 redemptionis
824 4108 832 4168 ;
855 4084 945 4148 unde
967 4082 1069 4145 etiam
1098 4091 1362 4144 commemorata
1386 4079 1518 4159 pendet

405 4191 518 4253 divina
534 4199 567 4252 et
583 4199 744 4271 perpetua
766 4186 987 4262 necessitudo,
1002 4205 1070 4268 qua
1096 4186 1169 4266 ipsa
1185 4202 1262 4246 cum
1287 4181 1412 4246 Christi
1427 4199 1516 4264 gau·

436 4333 456 4365 1.
477 4319 501 4363 S.
514 4317 560 4364 Th.
573 4323 607 4376 op.
620 4329 678 4372 vm,
689 4326 761 4378 super
769 4319 840 4364 salut.
850 4315 968 4376 angelica.
