3222 4888
92 1087 483 1164 WUSCEPTUM
509 1093 529 1134 a
547 1073 655 1135 Nobis
684 1073 793 1136 multo
818 1083 897 1136 ante
923 1072 1143 1154 propositum,
1166 1093 1205 1136 ac
1266 1045 1347 1134 Min.

303 1199 404 1259 saepe
421 1177 594 1240 vobiscum
624 1187 656 1239 et
681 1197 794 1241 coram
812 1189 846 1241 et
873 1198 932 1259 per
958 1177 1087 1240 litteras
1114 1196 1205 1240 com·
1270 1145 1343 1208 1894·

93 1165 120 1388 Ξ
161 1196 214 1354 S
247 1168 522 1462 {municatum
539 1291 574 1343 ut
602 1281 770 1362 singulare
797 1281 871 1346 istic
898 1284 1096 1348 institutum
1117 1295 1206 1347 esset
1235 1259 1384 1388 pmffffl

94 1389 244 1464 &aarum
305 1386 479 1450 doctrinae
517 1385 769 1467 philosophicae
811 1385 997 1468 Aquinatis
1042 1387 1207 1470 ampliore
1232 1391 1360 1438 conditum

94 1492 242 1573 quadam
261 1493 392 1554 ratione
408 1501 442 1553 et
459 1491 512 1552 via
526 1489 720 1566 tradendae,
736 1491 813 1566 iam,
830 1489 906 1554 Deo
922 1493 1067 1574 auspice,
1083 1513 1117 1554 re
1133 1494 1206 1574 ipsa
1232 1455 1385 1570 :fiffssffl
1468 1544 1472 1553 .

95 1594 253 1659 effectum
286 1615 360 1658 esse
389 1595 562 1658 laetamur.
597 1596 673 1658 Hoc
702 1593 774 1657 Nos
804 1595 1002 1658 institutum
1036 1616 1104 1660 non
1135 1599 1207 1661 sine
1233 1587 1385 1698 iunipiru-

95 1720 216 1762 caussa
241 1699 311 1764 iore
334 1700 525 1763 censuimus
549 1710 727 1781 peraptum
752 1699 918 1762 iuventuti
942 1700 1138 1777 subsidium,
1162 1723 1207 1766 ex
1233 1659 1378 1781 {qauchqnh

96 1821 176 1884 quo,
192 1823 258 1865 non
276 1801 385 1864 clerici
405 1803 516 1878 modo,
532 1803 590 1864 sed
609 1801 799 1884 complures
814 1802 879 1880 alii,
896 1803 928 1865 in
946 1803 1039 1866 omni
1060 1804 1207 1888 discipli·
1231 1797 1374 1911 mm

99 1925 220 1968 narum
238 1927 483 1988 munerumque
499 1906 673 1982 curriculo,
693 1905 818 1969 solidas
846 1906 1009 1972 utilitates
1026 1907 1209 1990 reserrent;

97 2009 258 2092 idemque
274 2011 476 2093 optavimus,
492 2011 615 2073 collata
632 2011 733 2073 etiam
751 2030 818 2092 qua
835 2011 929 2074 licuit
957 2012 1120 2092 pecuniae
1135 2034 1209 2096 ope,

98 2135 226 2179 novum
243 2125 362 2178 extare
383 2115 615 2178 testimonium
643 2115 844 2196 praecipuae
865 2113 1127 2178 existimationis
1152 2118 1209 2183 be-

98 2215 378 2301 nevolentiaeque
395 2218 543 2282 Nostrae
566 2237 647 2299 erga
671 2217 838 2300 insignem
858 2215 1123 2282 Universitatem
1141 2227 1209 2282 stu·
1268 2215 1386 2264 Mrelrum

98 2323 233 2384 diorum
263 2322 586 2396 Lovaniensem,cui
615 2319 737 2386 nobilis
765 2322 845 2385 inde
868 2319 1088 2402 amplificatio
1116 2321 1209 2390 fieret
1236 2279 1385 2396 busiridi„

97 2427 285 2508 dignitatis.
299 2427 331 2490 A
349 2437 438 2490 recta
451 2429 539 2490 enim
553 2439 586 2490 et
600 2427 749 2508 pleniore
762 2425 964 2489 christianae
976 2425 1210 2510 philosophiae
1235 2411 1386 2536 ffg‘juff‘ff

98 2530 313 2595 institutione
338 2542 502 2614 quantum
534 2531 642 2596 laudis
668 2530 961 2612 praestantiaeque
986 2531 1028 2593 ad
1056 2531 1151 2612 lycea
1176 2545 1209 2596 et
1232 2545 1339 2606 philoso-

98 2637 294 2700 academias
320 2639 469 2712 accedat,
493 2658 594 2700 nemo
615 2657 695 2699 sane
719 2656 786 2700 non
813 2635 926 2698 videt:
952 2634 1118 2716 siquidem
1145 2637 1211 2721 illa,
1231 2607 1387 2724 fflffi'

99 2750 235 2824 praeter
251 2759 351 2822 quam
369 2741 487 2803 sollers
503 2740 678 2804 doctrinae
694 2760 808 2803 sacrae
825 2739 984 2812 adiutrix,
996 2737 1077 2802 item
1090 2739 1212 2802 doctri-
1237 2737 1389 2814 craedoqrri-

100 2845 156 2908 nis
172 2846 290 2907 ceteris
307 2845 455 2926 ipsisque
476 2845 573 2907 bonis
601 2845 729 2908 artibus
754 2843 801 2906 sic
819 2853 899 2906 nata
916 2851 975 2918 est,
993 2851 1030 2906 ut
1054 2844 1112 2921 eis,
1128 2855 1213 2906 tam·
1238 2804 1390 2930 ffiffloa

100 2969 206 3031 quam
232 2950 439 3011 moderatrix
465 2949 641 3028 sapientia,
656 2948 813 3029 praesidii
842 2948 1023 3029 plurimum
1048 2957 1082 3011 et
1107 2948 1213 3013 ineor·
1239 2934 1390 3052 ‘rffff

100 3053 194 3134 rupti
210 3052 322 3115 iudicii
340 3063 373 3115 et
390 3053 481 3116 utilis
498 3053 696 3134 prudentiae
714 3051 831 3115 afferre
843 3051 1063 3114 consueverit.
1076 3051 1125 3116 At
1137 3073 1216 3117 vero
1240 3068 1328 3116 sedeat.

100 3167 194 3218 recte
226 3156 391 3238 pleneque
422 3157 652 3238 philosophari
685 3157 707 3219 ii
735 3155 892 3218 nimirum
923 3164 1065 3235 possunt
1097 3156 1154 3238 qui
1181 3157 1215 3219 in
1242 3131 1392 3258 valenffiif

100 3259 284 3342 disciplina
300 3270 333 3322 et
357 3249 487 3324 ratione
512 3259 801 3326 Scholasticorum
827 3260 884 3324 diu
912 3258 979 3322 sint
1005 3259 1216 3343 multumque
1242 3259 1368 3338 10⁸th

100 3364 240 3428 versati.
274 3364 311 3426 ld
341 3363 484 3428 Nosmet
509 3368 625 3429 crebro
660 3365 874 3448 graviterque
902 3363 1103 3440 monuimus,
1134 3365 1216 3428 alias
1242 3343 1376 3443 Zimizes.

102 3463 248 3548 professi
266 3465 370 3543 vobis‚
382 3476 478 3530 tanto
496 3468 668 3532 meliorem
685 3466 938 3550 disciplinarum
957 3465 1027 3528 iore
1043 3466 1218 3546 rationem,
1243 3474 1329 3574 (ψ
1344 3455 1392 3568 ’ξ’

101 3579 236 3653 quanto
252 3570 294 3633 ad
309 3571 498 3634 doctrinam
514 3573 666 3636 Thomae
679 3571 864 3656 Aquinatis
877 3569 1015 3660 propius
1028 3571 1218 3650 accesserit3
1242 3535 1395 3640 abibam-m

102 3673 210 3753 idque
227 3691 303 3734 cum
320 3675 447 3754 gaudio
463 3676 616 3738 videmus
644 3675 744 3739 latius
771 3673 923 3758 quotidie
948 3683 1051 3755 atque
1076 3672 1219 3752 uberius,
1244 3655 1353 3772 m?

104 3775 347 3858 praeiudicatis
360 3779 575 3860 opinionibus
587 3779 720 3844 veritati
737 3779 944 3854 cedentibus,
960 3777 1102 3842 evenire.
1117 3815 1161 3826 -
1179 3778 1217 3842 In
1340 3757 1347 3772 ⁸

103 3883 184 3963 ipso
200 3879 301 3963 igitur
318 3883 498 3948 condendo
515 3905 616 3967 opere
632 3893 666 3948 et
684 3883 882 3966 congruenti
899 3883 1044 3947 tuitione
1060 3883 1219 3964 paranda,

103 3983 217 4048 eluxit
233 4006 366 4068 nempe,
382 3998 418 4051 ut
444 3990 622 4072 explorata
639 4010 717 4072 spes
743 4000 824 4068 erat,
848 4007 1013 4071 generosa
1038 3985 1218 4068 Belgarum
1292 3997 1396 4048 Genero-

105 4091 224 4168 virtus‚
239 4093 282 4156 ad
300 4093 507 4158 incrementa
532 4096 703 4178 religionis
723 4105 757 4159 et
777 4093 923 4158 civitatis
938 4093 1067 4156 bonum
1088 4110 1221 4174 semper
1245 4063 1375 4127 saBetga-

1246 4145 1305 4180 ΝΜ
1332 4144 1377 4178 em

108 4193 231 4257 alacris
247 4207 281 4260 et
309 4196 434 4262 effusa:
462 4201 622 4265 maiorem
640 4220 719 4265 vero
744 4200 777 4264 in
804 4199 942 4263 modum
968 4195 1084 4259 studia
1110 4205 1221 4260 vestra
1313 4144 1335 4193 g
1377 4163 1385 4190 ’
