3296 4886
375 550 385 635 ]
431 557 804 628 ossuncrrous
823 563 1068 628 uovnuuu
1089 568 1396 632 orososswu

588 734 642 794 1u
663 735 925 796 ssusrmns
944 724 1265 800 nseroumus

197 1030 332 1120 qum
553 1033 577 1083 Ι)
604 1021 775 1085 universas
797 1021 899 1088 Orbis
927 1021 1096 1086 Ecclesias
1121 1022 1297 1088 Romanus
1315 1027 1473 1093 Pontifex

225 1129 298 1193 1892.
409 1191 412 1198 ¹
422 1134 499 1291 Α
574 1144 619 1188 ex
635 1125 718 1188 sacri
736 1124 959 1207 Apostolatus
988 1126 1173 1190 ministerio
1189 1137 1365 1208 paternam
1384 1132 1474 1196 solli·

239 1297 339 1359 aposto·
364 1017 552 1335 ᾖ
573 1230 755 1294 citudinem
781 1228 899 1293 sedulo
929 1229 1086 1311 dirigens,
1110 1231 1279 1296 interdum
1312 1237 1474 1301 nonnulla

206 1361 255 1412 lica
267 1361 340 1410 Sus„
365 1319 551 1392 &³8erssss
573 1331 730 1415 disponit,
747 1351 833 1415 quae
849 1333 951 1404 statui
970 1334 1195 1399 Ecclesiarum
1220 1335 1422 1418 huiusmodi,
1439 1350 1473 1406 et

185 1427 340 1554 jamffss
365 1437 529 1521 spirituali
553 1455 688 1519 quoque
711 1436 802 1499 bono
825 1437 1012 1500 animarum
1028 1438 1090 1502 sibi
1108 1442 1421 1507 commendatarum
1438 1445 1472 1508 in

121 1571 126 1585 =
189 1557 279 1606 habuit
296 1573 338 1606 no·
366 1541 515 1605 Domino
540 1541 716 1604 existimat
743 1539 906 1604 salubrius
932 1541 1113 1623 profutura.
1142 1542 1257 1607 Novas
1288 1545 1413 1611 idcirco
1439 1549 1473 1613 in

188 1623 338 1738 ζίζξὲῗβζζ
366 1645 525 1708 Brasiliae
541 1644 731 1727 regionibus
742 1643 961 1725 Episcopales
974 1643 1081 1709 Sedes
1091 1648 1305 1726 constituere,
1318 1669 1377 1730 per
1388 1673 1472 1734 quas

219 1753 339 1830 genibus
365 1751 495 1814 illorum
521 1746 796 1814 Christifidelium
823 1748 986 1831 spirituali
1015 1748 1105 1813 bono
1132 1770 1170 1814 ac
1198 1751 1335 1816 utilitati
1361 1758 1474 1838 aptius

206 1819 341 1931 Essffcsfffss,
366 1852 601 1928 consuleretur,
632 1854 699 1916 iam
726 1851 853 1916 dudum
886 1851 1085 1934 Apostolica
1102 1852 1208 1918 Sedes
1237 1856 1270 1918 in
1302 1860 1390 1922 votis
1413 1859 1473 1923 ha·

190 1949 339 2073 rffi‘t‘l‘g'f
367 1959 447 2034 buit,
462 1957 598 2038 eiusque
629 1975 761 2038 semper
791 1956 971 2036 praecipua
1001 1975 1080 2018 cura
1105 1955 1167 2020 fuit
1199 1968 1232 2022 et
1267 1961 1472 2029 sollicitudo.

190 2095 237 2142 que
272 2085 339 2141 pote·
367 2061 558 2127 Nonnullae
574 2060 739 2142 siquidem
764 2059 830 2124 illic
856 2061 1027 2123 dioeceses
1043 2071 1112 2124 tam
1129 2062 1197 2125 late
1213 2067 1471 2145 protenduntur,

189 2151 279 2258 2²5?
291 2144 341 2258 ἐξ
366 2178 399 2230 ct
416 2168 500 2230 adeo
516 2166 603 2228 inter
618 2185 653 2227 se
669 2164 787 2228 dissita
802 2165 977 2231 continent
992 2165 1075 2242 loca,
1088 2175 1124 2228 ut
1134 2166 1267 2230 illorum
1280 2167 1473 2247 Antistites,

181 2325 184 2330 .
217 2275 342 2337 ptume
366 2272 435 2335 sive
450 2271 495 2334 ob
510 2270 753 2336 incrementum
769 2268 889 2350 gentis,
905 2269 975 2332 sive
990 2268 1035 2332 ob
1050 2256 1264 2334 difficultates
1281 2291 1320 2336 ac
1337 2273 1470 2355 longin-

230 2339 341 2454 ,iffi
366 2376 510 2457 quitates
545 2372 711 2449 itinerum,
743 2367 998 2436 necessitatibus
1031 2371 1190 2450 fidelium,
1214 2385 1247 2436 et
1284 2375 1470 2440 rationibus

368 2476 538 2542 Ecclesiae
552 2475 726 2539 consulere
742 2493 809 2538 non
825 2474 968 2539 valeant.
986 2475 1105 2558 Neque
1121 2495 1218 2540 suum
1231 2477 1381 2542 studium
1392 2498 1473 2543 cou-

366 2579 497 2646 sulendi
513 2577 684 2642 Ecclesiae
701 2575 902 2640 utilitatibus
913 2577 985 2657 ipsa
996 2576 1195 2658 Apostolica
1209 2577 1315 2643 Sedes
1329 2580 1472 2643 obscure

366 2685 452 2760 tulit.
468 2685 525 2748 sed
542 2681 623 2746 illud
640 2701 699 2762 per
721 2700 800 2744 suos
817 2680 963 2762 Legatos
980 2679 1186 2745 Brasilianae
1212 2667 1360 2746 nationis
1384 2685 1474 2748 civili

367 2787 527 2875 potestati
552 2787 684 2869 saepius
708 2779 901 2862 declaravit,
916 2793 950 2847 et
976 2802 1052 2847 cum
1076 2804 1150 2848 sese
1165 2787 1360 2850 occasiones
1375 2787 1474 2851 obtu-

368 2894 444 2968 lere,
458 2910 514 2953 eas
530 2888 672 2952 libenter
687 2886 835 2969 arripuit,
849 2895 886 2949 ut
898 2904 1003 2949 novas
1017 2885 1268 2950 Brasiliensium
1282 2889 1372 2951 bono
1385 2889 1475 2951 dioe-

368 3013 459 3060 ceses
474 2993 647 3056 excitaret.
661 2989 725 3054 His
742 2990 809 3060 iam
826 2988 951 3052 caussis
968 2999 1081 3053 motus
1098 2990 1149 3054 fel.
1169 3012 1269 3054 recor.
1287 2992 1365 3053 Pius
1383 2991 1477 3072 Papa

191 3073 345 3188 ,3222
371 3099 489 3163 Nonus
505 3096 745 3159 Praedecessor
760 3093 885 3157 Noster
911 3111 1001 3156 anno
1025 3093 1164 3158 Domini
1185 3097 1266 3174 1848
1285 3094 1476 3160 Dioecesim

215 3219 231 3251 α
246 3204 290 3252 Ρῖθ
301 3204 347 3252 IX
370 3203 403 3269 S.
421 3200 508 3265 Petri
525 3198 688 3263 Fluminis
705 3195 851 3261 Grandis
878 3197 920 3260 ad
939 3197 1102 3261 Austrum
1116 3218 1124 3276 ;
1140 3198 1262 3262 deinde
1279 3218 1368 3262 anno
1389 3201 1475 3280 1854

183 3268 244 3332 jam
254 3275 345 3317 erectae
407 3308 415 3321 .
536 3305 544 3318 .
856 3301 863 3315 .
1024 3301 1031 3315 .
1316 3303 1324 3317 .

189 3333 308 3396 fam,
370 3307 625 3372 Dramantrnam
642 3310 675 3366 et
691 3299 979 3365 Fortalexrensem
987 3301 1166 3364 Dioeceses
1182 3313 1367 3384 respective
1385 3321 1471 3365 nun·

369 3421 509 3495 cupatas
524 3407 678 3485 instituit,
694 3427 738 3469 ex
760 3405 880 3488 quibus
908 3405 1025 3468 uberes
1050 3425 1089 3468 ac
1116 3406 1278 3469 salutares
1295 3407 1328 3469 in
1346 3407 1474 3470 bonum

369 3515 555 3579 animarum
583 3509 709 3574 fructus
734 3509 959 3573 dimanarunt.
981 3507 1225 3572 Constantibus
1255 3507 1478 3590 Apostolicae

223 3599 345 3714 &mg
370 3609 467 3686 Sedis
492 3616 578 3680 curis
595 3612 843 3678 Brasiliensium
862 3612 1106 3695 Episcoporum
1133 3611 1343 3695 pientissima
1365 3612 1479 3677 studia

214 3730 343 3808 Episcopq-
369 3723 538 3789 cumulate
553 3719 806 3801 responderunt,
821 3719 879 3800 qui
895 3717 983 3780 ultro
998 3735 1088 3779 anno
1103 3717 1273 3798 superiore
1290 3717 1322 3780 in
1340 3719 1478 3782 civitate

208 3803 345 3909 ”2222ssss
372 3829 404 3892 S.
419 3825 521 3901 Pauli,
536 3823 652 3886 habito
667 3833 844 3899 conventu,
859 3841 877 3882 e
893 3819 1053 3901 religione
1068 3828 1102 3884 et
1127 3840 1172 3883 ex
1200 3821 1345 3885 utilitate
1367 3819 1478 3885 Brasi-

214 3925 343 3990 Pontifex,
371 3931 434 3994 liae
444 3926 746 4002 essedeclararunt,
759 3926 785 3988 si
797 3945 905 3989 novae
917 3925 1122 4006 erigerentur
1133 3923 1480 4008 EpiscopalesSedes;

190 3997 345 4106 paremio·-
371 4046 472 4118 atque
488 4029 789 4114 Archiepiscopum
806 4029 932 4093 Bahiae
948 4039 1120 4110 rogarunt,
1135 4037 1172 4093 ut
1191 4030 1335 4093 Romam
1359 4039 1480 4111 petens

191 4137 228 4172 ⁸⁶⁸
249 4124 344 4185 engran-
370 4135 561 4200 communia
586 4135 620 4197 in
645 4133 732 4196 hanc
760 4152 829 4198 rem
855 4133 1008 4196 omnium
1036 4142 1119 4197 vota
1146 4132 1190 4216 ad
1217 4133 1291 4196 Nos
1315 4131 1479 4214 perferret

224 4188 343 4318 bam
369 4243 508 4323 Nosque
525 4237 643 4303 eadem
659 4247 739 4302 vota
754 4236 954 4320 Apostolica
972 4223 1174 4302 auctoritate
1191 4237 1408 4320 dignaremur
1419 4257 1481 4300 ex·
