3216 4880
222 321 273 372 ns
290 321 477 374 rucanas
496 321 545 372 nn
563 319 800 372 cnmsrmus
818 319 860 370 ru
881 318 1065 372 aramma.
1136 297 1208 386 289

100 475 274 541 defuturas
290 477 498 543 confidimus.
517 476 622 542 Grata
648 477 784 560 quidem
810 475 1004 540 acciderunt
1019 493 1105 556 quae
1132 494 1207 555 pro·
1267 491 1355 578 will

100 587 216 659 pterea
232 589 403 644 transacta
427 581 493 643 iarn
518 588 606 655 sunt,
622 587 761 642 curante
778 575 973 642 Venerabili
990 577 1107 641 Fratre
1125 573 1206 638 Hie·
1273 587 1344 653 1894·

99 703 245 766 ronymo
266 684 533 766 Archiepiscopo
562 683 710 759 Petraeo,
729 681 826 748 Sedis
854 681 1074 764 Apostolicae
1101 681 1206 744 Inter·
1233 719 1304 754 rum:
1315 711 1388 782 ειη..

100 789 222 852 nuntio
252 789 341 870 apud
374 788 578 870 reipublicae
608 797 739 852 vestrae
774 785 957 851 Praesides.
987 783 1065 868 Quo
1092 796 1205 849 tamen
1233 769 1385 884 :jfwk‘

98 903 220 976 coepta
237 895 381 956 maiores
396 891 546 958 habeant
558 904 675 956 auctus
692 903 793 974 atque
808 901 944 974 optatos
959 893 1003 955 ad
1019 891 1132 954 exitus
1148 891 1206 955 ad·
1232 917 1309 950 suum
1321 902 1386 977 aava

97 997 274 1074 ducantur,
289 999 323 1059 in
340 995 404 1060 hoc
421 998 639 1074 adhortamur
654 1007 825 1060 strenuam
855 995 1005 1077 religioni
1022 997 1206 1078 vestrisque
1234 967 1362 1096 mm

98 1100 250 1164 maxime
275 1101 434 1183 gregibus
464 1119 601 1182 operam
631 1102 771 1164 navetis.
798 1091 1043 1164 Gratulandum
1070 1099 1206 1171 interea,
1314 1147 1373 1196 Lau

98 1205 289 1286 Religiosas
316 1215 388 1268 turn
417 1207 562 1269 virorum
590 1215 663 1268 turn
691 1204 892 1268 feminarum
920 1203 1065 1266 familias
1090 1203 1205 1267 libenti
1231 1213 1384 1290 ‹tanturm-

98 1309 214 1371 animo
228 1328 315 1390 quae
328 1327 348 1371 a
360 1308 467 1371 Nobis
484 1309 645 1372 mandata
662 1317 740 1371 sunt
751 1307 925 1389 excepisse
938 1315 972 1369 et
984 1307 1027 1370 ad
1045 1308 1205 1388 primaevi
1231 1280 1333 1392 2522?
1344 1278 1383 1338 sa-

97 1412 261 1493 euiusque
276 1411 422 1475 instituti
440 1412 686 1476 restitutionem
704 1431 776 1474 sese
793 1411 919 1473 alacres
937 1409 1141 1474 exhibuisse.
1232 1409 1383 1523 mm

144 1517 224 1593 Ista,
240 1515 462 1580 Venerabiles
480 1516 624 1592 Fratres,
640 1517 682 1580 de
698 1516 788 1580 clero
805 1525 895 1579 recte
917 1514 1096 1578 formando
1112 1515 1206 1578 adhi-
1231 1545 1365 1604 „qum

97 1621 277 1703 bendoque
309 1621 351 1684 ad
387 1640 506 1684 sacra:
541 1641 651 1702 neque
684 1619 794 1684 minus
827 1619 1026 1682 industriam
1060 1629 1203 1683 vestram
1231 1657 1234 1670 ·
1264 1605 1383 1654 ΝΜ·

97 1725 243 1789 rationes
268 1722 415 1786 fidelium
444 1733 646 1806 exposcunt.
662 1722 739 1806 Qua
765 1723 797 1785 in
821 1741 950 1800 caussa,
973 1723 1062 1804 quod
1087 1725 1204 1788 ceteris
1231 1735 1382 1800 tamquam

97 1829 382 1910 anteponendum,
395 1828 476 1892 illud
494 1838 553 1903 est,
564 1837 600 1891 ut
614 1827 783 1909 religionis
795 1827 1027 1890 sanctissimae
1039 1827 1204 1890 elementa
1231 1801 1375 1930 affigas?

96 1933 192 2015 pueri
211 1931 378 2013 rudesque
394 1931 546 1994 homines
563 1932 718 2012 apposite
733 1930 928 2006 doceantur,
944 1928 1129 1994 Culmum
1153 1949 1204 1992 ⁵²·
1230 1947 1380 2046 ‘u'Jij

96 2055 225 2100 crorum
238 2031 412 2116 diligentia
422 2035 555 2098 assidue
565 2035 723 2098 excitata.
734 2033 822 2096 Turn
833 2053 921 2109 vero,
931 2034 1203 2116 quandoquidem
1230 2069 1276 2110 rur
1283 2063 1360 2125 pueri

96 2141 231 2238 publice
248 2141 335 2215 licet,
351 2139 421 2202 ludi
438 2140 657 2202 instituantur
672 2138 789 2220 puerili
806 2139 909 2202 aetati
933 2138 1146 2216 erudiendae,
1162 2159 1204 2203 ne
1229 2127 1352 2240 zm?

96 2247 178 2326 ipsa,
194 2245 314 2326 grandi
331 2263 407 2308 cum
425 2241 501 2306 fidei
519 2255 754 2326 rectorumque
770 2263 900 2306 morum
918 2243 1133 2319 detrimento,
1148 2245 1199 2306 vel
1228 2255 1357 2320 magonis

95 2349 349 2423 haereticorum,
366 2348 456 2429 quod
485 2347 648 2424 usuvenit,
664 2348 756 2410 adire
783 2345 923 2420 scholas,
945 2347 995 2408 vel
1023 2348 1201 2427 gymnasia
1224 2325 1361 2437 {mlh

94 2453 262 2516 celebrare
278 2451 443 2534 adigatur,
459 2453 516 2515 ubi
534 2453 661 2514 mentio
677 2450 768 2514 nulla
795 2450 980 2514 catholicae
996 2450 1200 2532 disciplinae,
1225 2461 1363 2517 puermm

94 2557 158 2619 nisi
175 2555 261 2618 sorte
280 2553 497 2632 calumniosa,
513 2554 662 2620 insertur.
677 2591 721 2605 -
737 2555 921 2640 Praeterea,
939 2555 1097 2637 quoniam
1122 2577 1200 2621 eon.
1227 2519 1378 2646 condqnur,

93 2659 176 2738 siliis
192 2658 425 2740 exemplisque
442 2659 568 2722 mutuis
584 2657 824 2722 confirmantur
851 2659 955 2722 animi
983 2667 1017 2721 et
1044 2659 1086 2722 ad
1103 2657 1200 2722 sortia
1227 2640 1380 2748 ethim

92 2783 155 2845 pro
171 2763 332 2844 religione
349 2763 482 2844 agenda
507 2762 793 2844 perpetiendaque
819 2761 1079 2838 inflammantur,
1097 2783 1199 2825 mere·
1226 2765 1378 2878 {zamran-

91 2868 168 2932 bitis
185 2867 309 2930 idcirco
324 2865 452 2948 optime
468 2865 511 2928 de
527 2885 561 2928 re
578 2865 743 2929 catholica
758 2876 792 2928 et
809 2866 953 2948 publica,
964 2866 991 2928 si
1007 2865 1200 2929 hominibus
1225 2895 1377 2952 „gh-mn.

90 2971 194 3047 laicis,
210 2969 386 3032 iuvenibus
402 2969 609 3050 praesertim,
625 2989 778 3033 suasores
806 2979 1027 3052 auctoresque
1054 2971 1147 3033 eritis
1163 2979 1199 3032 ut
1224 2961 1365 3088 {mxi

90 3077 123 3137 in
153 3075 334 3136 societates
361 3074 545 3138 christiano
573 3073 727 3136 instituto
753 3080 882 3138 coeant.
902 3073 975 3137 Has
992 3072 1109 3138 crebra
1126 3075 1198 3138 Nos
1226 3091 1320 3138 madae

88 3177 281 3240 hortatione
306 3175 528 3252 laudavimus,
545 3178 670 3258 quippe
697 3197 793 3258 quae,
808 3196 913 3259 quum
941 3178 1097 3240 curandis
1125 3178 1198 3242 reli·
1223 3155 1377 3269 fflffl„

88 3282 200 3365 gionis
231 3281 418 3344 sationibus
446 3291 481 3343 et
513 3301 695 3363 egenorum
727 3281 930 3345 utilitatibus
962 3283 1198 3364 promovendis
1224 3286 1376 3335 civa'ratiad-

88 3385 258 3462 studeant,
274 3394 345 3447 tum
363 3385 455 3446 omni
472 3405 537 3466 ope
553 3384 784 3448 efficacitatem
802 3386 957 3449 minuant
982 3405 1095 3450 earum
1120 3407 1197 3450 con.
1224 3361 1369 3401 mmm*

88 3487 325 3564 sociationum,
340 3507 437 3571 quae,
453 3489 607 3570 publicae
633 3489 782 3553 caritatis
811 3487 1041 3570 appellatione
1065 3490 1199 3566 abusae,

89 3593 264 3657 Ecclesiae
280 3601 314 3655 et
330 3593 477 3655 civitatis
503 3594 594 3672 bono
621 3594 719 3658 valde
746 3593 975 3656 adversantur.
990 3629 1033 3642 -
1049 3593 1123 3656 Nec
1138 3614 1198 3656 vos
1293 3613 1374 3678 Epte-

86 3705 286 3779 praetereat,
305 3695 527 3760 Venerabiles
555 3697 699 3774 Fratres,
728 3705 901 3779 quantam,
927 3695 1018 3760 hisce
1046 3697 1198 3761 maxime
1223 3680 1351 3794 'fijffis

85 3795 307 3880 temporibus,
323 3797 356 3858 in
373 3796 500 3860 bonurn
524 3797 555 3858 in
575 3797 700 3862 malum
715 3799 783 3864 sint
810 3809 928 3864 nactae
955 3801 1023 3863 vim
1040 3799 1195 3882 epheme·
1222 3810 1338 3938 eatqtlgtr

1221 3891 1271 3924 sm
1300 3892 1323 3924 ts

85 3904 175 3966 rides
192 3901 430 3984 adsimilesque
448 3903 480 3964 in
492 3902 611 3983 vulgus
625 3903 737 3966 editae
751 3905 958 3985 scriptiones.
972 3903 1024 3968 Ne
1036 3905 1079 3969 sit
1095 3906 1197 3987 igitur
1220 3941 1274 3990 suis
1283 3941 1364 4006 im„

84 4007 118 4070 in
148 4003 328 4086 postremis
359 4003 601 4068 catholicorum
630 4005 726 4081 curis,
752 4015 789 4071 ut
820 4006 871 4068 his
899 4007 1003 4070 etiam
1035 4009 1137 4072 armis
1161 4009 1193 4071 in
1218 4013 1307 4084 guent,

82 4106 256 4170 christiani
273 4107 418 4170 nominis
436 4105 666 4170 defensionem
684 4115 845 4184 certetur;
873 4097 947 4170 rite¹
963 4106 1120 4171 nimirum
1139 4108 1194 4172 ob·
1220 4073 1368 4186 fssjfffl„

82 4217 218 4272 servato
235 4207 483 4292 Episcoporum
500 4210 614 4285 ductu,
630 4220 731 4293 atque
757 4210 888 4292 integra
904 4211 1090 4276 reverentia
1106 4231 1194 4296 quae

80 4311 171 4377 civili
187 4311 329 4376 debetur
345 4312 514 4394 potestati.
531 4349 575 4361 -
592 4312 748 4396 Denique
772 4313 957 4378 catholicos
983 4335 1102 4380 omnes
1124 4337 1191 4382 me·
1219 4305 1371 4419 transm:

157 4499 383 4544 sutanuxnr.
438 4517 442 4532 ·
999 4501 1095 4556 v.-29

1231 1670 1382 1728 nordcfide·
1479 1711 1485 1722 ,
