3222 4888
397 311 447 360 DE
475 310 639 360 ROSARIO
668 311 840 362 MARIALI.
1133 311 1193 378 19!

96 463 160 527 Dei
177 465 285 528 edixit
301 463 541 546 quaerendum,
558 463 703 544 primum
721 463 754 528 id
772 463 920 546 quidem,
932 470 966 523 at
984 481 1051 524 non
1064 473 1099 524 ut
1115 471 1201 526 cete·
1260 469 1348 570 εὖγ’

97 587 131 630 ra
147 567 412 648 praeteriremus.
429 563 519 628 Nam
536 584 637 627 usura
663 565 891 646 praesentium
913 585 1032 642 rerum,
1048 583 1200 646 quaeque
1265 582 1335 644 1893·

96 670 173 734 inde
204 671 368 734 honestae
398 669 566 733 habentur
595 668 846 748 delectationes,
881 669 908 731 si
941 667 1119 732 virtutibus
1149 670 1201 732 vel
1328 696 1377 744 p„

41 823 43 825 -
96 775 258 857 augendis
270 774 323 837 vel
339 771 594 837 remunerandis
611 773 809 838 adiumento
825 782 924 852 sunt;
940 773 1031 850 item,
1047 774 1074 836 si
1091 773 1201 856 splen·
1225 767 1368 876 ff‘jgffe'ssf

97 879 156 942 dor
172 889 205 942 et
221 879 332 942 cultus
348 886 500 941 terrenae
524 877 678 954 civitatis,
702 897 746 940 ex
770 898 838 960 quo
865 877 1057 942 mortalium
1083 897 1199 943 conso·
1228 891 1263 940 a's
1279 899 1334 939 ura-

97 981 199 1047 ciatio
219 979 398 1064 magnifice
413 980 605 1056 illustratur,
626 981 838 1062 splendorem
855 991 889 1046 et
904 980 1030 1044 cultum
1054 981 1204 1046 imitatur
1220 973 1367 1087 fflgfsm'*

97 1086 240 1151 civitatis
257 1085 410 1150 caelestis
424 1107 432 1164 ;
448 1083 529 1148 nihil
547 1095 597 1148 est
614 1086 704 1166 quod
729 1085 868 1150 rationis
896 1086 1077 1167 participes
1101 1087 1201 1150 dede·
1229 1087 1371 1136 armorui-

97 1199 180 1266 ceat,
206 1188 288 1252 nihil
316 1189 406 1271 quod
434 1187 583 1251 consiliis
613 1188 807 1252 adversetur
834 1189 966 1252 divinis,
994 1189 1125 1254 Auctor
1152 1201 1202 1252 est
1229 1160 1362 1266 ZZZ?

97 1295 186 1356 enim
203 1303 342 1356 naturae
360 1293 453 1354 Deus
478 1291 637 1373 idemque
653 1291 803 1372 gratiae;
828 1312 895 1356 non
913 1303 951 1356 ut
978 1292 1084 1357 altera
1108 1293 1204 1357 alteri

96 1397 221 1462 officiat
237 1409 339 1480 atque
365 1398 451 1461 inter
466 1417 502 1459 se
527 1397 764 1480 digladientur,
779 1399 838 1460 sed
864 1408 901 1460 ut
922 1397 1032 1460 amico
1056 1395 1202 1479 quodam

97 1503 231 1566 foedere
247 1511 376 1577 coeant,
393 1511 429 1564 ut
447 1519 577 1582 nempe,
593 1509 736 1583 utraque
760 1500 854 1580 duce,
870 1501 1094 1565 immortalem
1111 1501 1203 1564 illam

96 1607 305 1683 beatitatem,
327 1607 489 1688 adquam
508 1604 665 1668 mortales
689 1603 759 1667 nati
788 1625 912 1680 sumus,
929 1606 1075 1670 faciliore
1100 1606 1203 1670 veluti

97 1711 161 1788 via,
177 1710 361 1793 aliquando
376 1709 620 1790 contingamus.
630 1747 674 1756 —-
689 1708 739 1772 At
755 1729 834 1772 vero
847 1709 1000 1773 homines
1017 1711 1205 1792 voluptarii,
1236 1715 1240 1722 '

98 1835 172 1879 sese
203 1815 300 1878 unice
325 1823 487 1889 amantes,
512 1813 569 1895 qui
596 1813 819 1896 cogitationes
845 1833 921 1876 suas
948 1831 1066 1878 omnes
1092 1815 1125 1877 in
1154 1835 1205 1878 res
1233 1785 1383 1898 msEffrma-

1286 1865 1342 1899 vm
1356 1866 1382 1898 a·

98 1921 243 1984 caducas
269 1917 439 1982 humiliter
466 1919 639 1994 abiiciunt,
655 1927 691 1981 ut
717 1937 752 1980 se
768 1917 886 1980 tollere
902 1916 1002 1980 altius
1027 1927 1207 2000 nequeant,
1233 1931 1384 2030 megum

100 2025 130 2102 ii,
158 2025 272 2107 potius
300 2043 401 2106 quam
434 2043 454 2085 a
485 2021 582 2084 bonis
613 2021 734 2102 quibus
764 2019 916 2084 fruantur
946 2021 1205 2102 aspectabilibus
1235 2063 1304 2106 rum,

100 2136 238 2192 aeterna
254 2135 428 2210 appetant,
449 2126 557 2207 ipsum
576 2124 675 2206 plane
701 2123 861 2187 amittunt
887 2124 1096 2188 aeternitatis
1112 2143 1206 2208 aspe-
1230 2111 1385 2241 ww

100 2241 203 2310 ctum,
218 2233 261 2294 ad
278 2231 505 2294 conditionem
522 2229 668 2311 prolapsi
685 2228 964 2311 indignissimam.
981 2229 1101 2311 Neque
1117 2249 1206 2294 enrm
1236 2241 1382 2320 ramanus-

100 2335 252 2399 divinum
282 2335 416 2398 Numen
448 2333 600 2416 graviore
632 2332 699 2394 ulla
730 2352 840 2415 poena
867 2333 1009 2398 multare
1036 2335 1207 2398 hominem
1234 2315 1310 2357 “¹⁰²''

101 2441 219 2522 possit,
234 2461 336 2523 quam
353 2459 457 2522 quum
486 2435 580 2500 illurn
597 2436 830 2501 blandimenta
857 2440 1079 2522 voluptatum,
1104 2441 1208 2504 bono-

102 2565 174 2608 rum
193 2545 471 2626 sempiternorum
490 2542 731 2617 immemorem,
742 2541 834 2604 omni
851 2543 921 2606 vita
933 2544 1118 2606 consectari
1135 2564 1208 2626 per·

103 2648 240 2712 miserit.
263 2685 306 2695 -
322 2647 354 2710 A
372 2667 440 2728 quo
456 2655 569 2709 tamen
599 2645 747 2727 periculo
771 2645 825 2708 ille
846 2646 996 2730 profecto
1020 2648 1126 2712 aberit
1143 2649 1210 2732 qui,
1302 2675 1387 2725 Taum

102 2753 231 2834 pietate
248 2751 379 2814 Rosarii
397 2769 485 2828 usus,
501 2769 587 2831 quae
603 2725 640 2811 in⁴
654 2749 712 2812 illo
729 2760 961 2833 proponuntur
977 2773 999 2814 a
1009 2752 1121 2834 gloria
1142 2773 1208 2833 my·
1237 2741 1388 2856 mm

102 2855 215 2931 steria,
230 2863 361 2918 attenta
378 2863 505 2936 repetet
522 2852 755 2935 frequentique
772 2854 940 2919 memoria.
957 2857 1119 2938 Mysteria
1144 2867 1210 2922 ete·
1238 2873 1348 2934 sartum,

104 2961 173 3022 nim
200 2979 239 3022 ea
259 2967 345 3033 sunt,
369 2960 401 3020 in
429 2957 551 3039 quibus
575 2957 796 3020 clarissimum
825 2958 1014 3022 christianis
1043 2961 1211 3025 mentibus
1239 2939 1379 3052 mx*

104 3063 292 3146 praefertur
313 3062 425 3124 lumen
443 3061 486 3124 ad
502 3059 715 3142 suspicienda
741 3059 839 3138 bona,
855 3083 950 3146 quae,
966 3065 1029 3126 etsi
1054 3065 1210 3129 obtutum
1239 3077 1363 3146 tromper

103 3166 280 3230 oculorum
305 3164 479 3247 effugiunt,
505 3163 565 3227 sed
591 3171 681 3226 certa
715 3173 869 3227 tenemus
904 3163 970 3229 fide
996 3187 1212 3248 praeparasse
1236 3141 1389 3262 mm,

104 3269 219 3333 Deum
229 3267 443 3352 diligentibus
453 3291 494 3333 sa.
507 3269 678 3332 Docemur
690 3269 778 3344 inde,
790 3279 943 3347 mortem,
956 3292 1022 3334 non
1040 3273 1211 3337 interitum
1240 3265 1393 3379 mendca-

105 3395 179 3438 esse
207 3375 322 3437 omnia
348 3374 523 3437 tollentem
551 3383 652 3457 atque
679 3374 858 3452 delentem,
884 3375 943 3438 sed
976 3375 1210 3458 migrationem
1297 3366 1303 3382 ⁸

105 3478 476 3560 commutationemque
502 3480 599 3542 vitae.
628 3479 809 3558 Docemur,
839 3480 995 3544 omnibus
1022 3481 1055 3544 in
1083 3481 1212 3544 caelum

105 3600 242 3646 cursum
264 3589 379 3662 patere
393 3603 400 3658 ;
416 3601 586 3664 quumque
603 3581 660 3644 illo
684 3583 856 3648 Christum
877 3585 1043 3647 cernimus
1065 3605 1215 3649 remean-

106 3695 189 3762 tem,
217 3685 461 3748 reminiscimur
497 3685 579 3748 felix
618 3687 688 3749 eius
716 3687 940 3770 promissum:
978 3687 1068 3752 Vada
1089 3700 1216 3771 parare

106 3788 200 3853 vobis
217 3787 329 3853 locum.
358 3790 538 3866 Docemur,
554 3790 623 3852 fore
649 3799 793 3872 tempus,
809 3811 913 3874 quum
939 3789 1101 3875 absterget
1124 3791 1217 3856 Deus

105 3913 235 3958 omnem
259 3892 431 3956 lacrimam
454 3891 496 3956 ab
520 3894 619 3956 oculis
644 3895 773 3972 nostra,
800 3904 833 3959 et
858 3917 956 3978 nequa
980 3896 1093 3974 luctus,
1118 3918 1217 3979 neque

105 3997 241 4074 clamor,
257 4010 355 4077 neque
368 3995 461 4059 dolor
473 3998 539 4060 erit
553 3997 642 4060 ultra
651 4021 667 4073 ,·
687 3999 745 4061 sed
762 4009 886 4081 semper
899 4021 971 4062 cam
996 4001 1139 4064 Domino
1152 4003 1216 4065 eri·

107 4121 193 4176 mus,
208 4099 333 4162 similes
354 4099 428 4179 Dei,
455 4102 609 4184 quoniam
635 4101 817 4166 videbimus
839 4125 913 4166 eum
936 4103 1035 4166 sicuti
1058 4115 1107 4168 est
1114 4129 1130 4182 ,·
1146 4107 1221 4188 pati

107 4213 252 4269 torrente
267 4203 443 4286 valrptatis
457 4207 535 4284 eius,
550 4207 745 4272 Sanctorum
757 4208 851 4286 cives,
861 4209 894 4270 in
912 4227 1055 4290 magnae
1066 4207 1218 4292 Reginae

108 4319 143 4374 et
166 4309 289 4373 Matris
306 4309 500 4374 beatissima
525 4311 771 4376 commuuione.
787 4349 829 4361 -
847 4311 942 4376 Haec
967 4321 1080 4376 autem
1109 4316 1217 4378 consi-
