3250 4888
333 286 384 335 ns
410 285 593 338 srarurrs
621 287 775 340 consoc.
806 291 830 340 A
858 293 886 342 s.
916 293 1086 346 ramum.
1219 276 1264 366 83

153 435 388 500 submissionis
413 438 518 500 animi
549 437 784 522 perfectaeque
809 439 887 504 fidei
912 443 1044 525 insigne
1075 445 1266 526 specimen:
1311 475 1409 568 7va

154 537 213 602 filii
226 560 305 604 vero
323 539 467 604 familias
483 543 516 605 in
532 541 616 619 lesu,
631 544 688 624 qui
704 552 778 606 erat
790 541 943 610 subditus
954 546 1030 624 illis,
1040 547 1167 613 habent
1183 550 1266 613 divi·
1336 575 1407 636 1892.

154 661 235 704 nurn
252 642 465 707 obedientiae
481 643 656 726 exemplar
667 644 758 723 quod
771 643 986 723 admirentur,
998 647 1121 725 colant,
1135 649 1264 714 imiten-

154 755 215 809 tur.
234 745 301 829 Qui
319 747 448 811 nobiles
465 749 535 826 nati
553 757 640 826 sunt,
655 749 785 811 discent
802 769 820 811 a
838 746 980 812 Familia
994 751 1074 832 regii
1092 753 1265 832 sanguinis
1291 738 1414 790 divitum

152 852 326 932 quomodo
337 861 370 916 et
386 853 419 914 in
433 852 525 916 edita
554 852 687 915 fortuna
703 871 739 914 se
755 861 951 933 temperent,
973 864 1006 916 et
1023 854 1055 916 in
1073 851 1199 920 afflicta
1216 875 1264 918 re-

152 955 285 1018 tineant
307 955 509 1036 dignitatem
529 955 605 1039 :qui
622 956 719 1031 dites,
736 965 875 1020 noscent
892 956 935 1020 ab
951 977 990 1019 ea
1011 967 1175 1038 quantum
1197 959 1264 1022 sint

151 1058 331 1122 virtutibus
344 1059 597 1141 posthabendae
609 1056 755 1122 divitiae.
766 1054 919 1138 Operarii
932 1065 1044 1120 autem
1057 1066 1090 1118 et
1103 1058 1124 1119 il
1138 1077 1264 1134 omnes,
1290 1079 1365 1136 arque
1377 1081 1442 1138 pau·
1500 1081 1501 1086 ¹

150 1162 218 1245 qui,
235 1163 357 1227 nostris
373 1165 567 1246 praesertim
583 1160 801 1244 temporibus,
816 1159 1017 1224 familiarum
1034 1181 1142 1226 rerum
1160 1183 1263 1245 angu·
1285 1139 1444 1269 sssszbcffl⁸⁵

149 1266 225 1328 stiis
250 1287 289 1329 ac
315 1269 466 1332 tenuiore
490 1267 682 1332 conditione
713 1275 783 1328 tarn
815 1264 934 1327 acriter
961 1265 1141 1342 irritantur,
1166 1269 1194 1329 si
1220 1269 1263 1330 ad
1290 1270 1377 1319 solam
1394 1287 1442 1320 em

148 1369 382 1434 sanctissimos
408 1371 497 1434 illius
527 1369 732 1436 domesticae
759 1368 928 1431 societatis
955 1380 1125 1432 consortes
1153 1386 1262 1454 respe·
1289 1333 1444 1452 mmm

148 1481 253 1552 eterit,
265 1493 333 1537 non
345 1475 450 1538 deerit
462 1475 510 1538 eis
520 1495 638 1538 caussa
650 1472 862 1553 curlocO,qui
874 1473 936 1536 sibi
949 1473 1081 1555 obtigit,
1096 1473 1262 1539 delecten-
1286 1471 1422 1584 {taffffis

147 1587 206 1640 tur
222 1577 336 1660 potius
352 1577 611 1661 quamdoleant.
625 1576 831 1642 Communes
841 1577 930 1639 enim
947 1597 1023 1641 cum
1040 1597 1134 1641 sacra
1152 1578 1263 1641 Fami·
1288 1597 1402 1660 condrio,

147 1680 196 1744 lia
210 1689 291 1744 sunt
306 1681 370 1745 illis
398 1682 527 1746 labores
548 1705 555 1760 ;
570 1699 766 1744 communes
782 1698 880 1742 curae
896 1681 939 1744 de
955 1681 1022 1744 vita
1039 1683 1236 1764 quotidiana
1255 1703 1261 1757 ;
1287 1669 1446 1781 {waima

145 1785 266 1848 debuit
280 1794 314 1848 et
328 1786 451 1868 Ioseph
467 1787 510 1850 de
523 1785 676 1848 mercede
691 1803 752 1848 sua
762 1783 850 1846 vitae
867 1785 1051 1849 rationibus
1069 1787 1240 1849 consulere
1255 1807 1262 1862 ;
1287 1793 1380 1843 divites

146 1890 221 1953 imo
236 1889 331 1972 ipsae
346 1891 481 1954 divinae
497 1909 617 1954 manus
629 1910 665 1952 se
675 1888 849 1952 fabrilibus
865 1902 1094 1954 exercuerunt.
1112 1890 1184 1953 Nec
1202 1893 1261 1953 mi·
1288 1861 1445 1992 Zssfflm

145 2012 224 2056 rum
241 2003 383 2057 saneest
395 1994 422 2057 si
439 1995 676 2076 sapientissimi
694 1992 847 2056 homines
862 1991 988 2055 divitiis
1005 1991 1189 2070 affluentes,
1205 2015 1262 2057 eas

147 2097 295 2161 abiicere
311 2099 486 2176 voluerint,
498 2101 691 2179 sociamque
702 2117 778 2160 curn
793 2096 877 2173 lesu,
891 2096 1042 2160 Mariaet
1061 2097 1183 2179 Ioseph
1199 2098 1262 2162 sibi

147 2199 276 2282 eligere
303 2211 546 2284 paupertatem.
563 2201 694 2285 Quibus
711 2222 729 2265 e
756 2199 853 2263 rebus
872 2203 942 2263 iure
970 2202 1155 2284 meritoque
1171 2204 1261 2283 apud

147 2304 336 2370 catholicos
352 2325 466 2370 sacrae
483 2307 646 2369 Familiae
661 2304 770 2368 cultus
782 2313 912 2367 mature
928 2303 1088 2383 invectus,
1106 2306 1211 2368 maius
1228 2305 1261 2370 irr
1290 2293 1416 2410 &2⁰32ss

146 2407 223 2472 dies
238 2407 390 2490 singulos
417 2411 660 2473 incrementum
688 2409 787 2490 capit.
815 2407 855 2471 Id
872 2408 1010 2490 quidem
1028 2410 1173 2490 probant
1189 2420 1261 2474 turn
1288 2426 1438 2474 curtama-

146 2511 406 2576 christianorum
424 2514 621 2577 sodalitates
648 2513 711 2576 sub
727 2511 940 2575 invocatione
957 2511 1082 2577 Sacrae
1099 2513 1262 2578 Familiae
1288 2491 1427 2604 {sssk‘ossssff

146 2615 333 2692 institutae,
360 2627 432 2680 tum
460 2617 644 2700 singulares
660 2615 804 2680 honores
821 2615 850 2678 ei
874 2616 1004 2694 redditi,
1031 2627 1102 2680 tum
1130 2617 1262 2700 potissi·
1288 2623 1422 2682 invectum,

147 2739 244 2783 mum
260 2740 281 2783 a
296 2720 528 2784 decessoribus
554 2720 686 2784 Nostris
702 2720 745 2783 ad
763 2719 981 2784 excitandum
1000 2741 1078 2804 erga
1101 2742 1176 2785 eam
1193 2723 1260 2804 pie·
1284 2701 1406 2816 unj
1474 2761 1475 2766 κ

146 2823 230 2887 tatis
260 2825 409 2888 studium
440 2825 610 2908 impertita
637 2823 812 2908 privilegia
836 2834 870 2887 et
896 2827 1033 2906 gratiae.
1056 2827 1261 2890 Huiusmodi
1288 2767 1429 2928 rumffipsse

146 2927 259 2990 cultus
283 2947 408 3010 magno
433 2927 465 2991 in
497 2929 623 2992 honore
650 2928 785 2991 habitus
810 2937 861 2992 est
887 2928 954 2991 iarn
982 2930 1060 2994 inde
1084 2952 1104 2994 a
1130 2932 1263 2994 saeculo
1289 2890 1416 3011 maiia

147 3033 285 3095 decimo
307 3033 463 3116 septimo,
483 3032 615 3116 lateque
639 3053 697 3114 per
716 3031 860 3112 Italiam,
877 3031 1023 3098 Galliam
1050 3045 1083 3099 et
1109 3035 1262 3118 Belgium

147 3147 367 3220 propagatus,
383 3147 490 3202 totam
507 3137 575 3201 fere
591 3137 762 3219 Europam
788 3136 935 3220 pervasit
954 3137 1099 3200 :deinde
1117 3145 1262 3218 praeter·

146 3260 282 3323 gressus
294 3251 408 3306 vastos
426 3242 553 3308 Oceani
570 3251 705 3318 tractus,
721 3243 754 3304 in
772 3241 931 3305 America
953 3261 1012 3322 per
1028 3241 1261 3306 Canadensem

147 3344 332 3426 regionem,
359 3365 436 3408 cura
464 3345 659 3428 praesertim
685 3355 787 3428 atque
802 3363 905 3427 opera
932 3343 1144 3408 Venerabilis
1168 3344 1262 3408 Servi

146 3447 227 3524 Dei,
243 3447 412 3512 Francisci
435 3449 478 3512 de
509 3447 894 3531 Montmorency·Laval
919 3448 1018 3530 primi
1036 3447 1262 3530 Quebecensis

147 3551 323 3633 Episcopi,
339 3560 373 3615 et
388 3551 599 3615 Venerabilis
617 3551 740 3617 Servae
757 3553 822 3615 Dei
845 3552 1050 3634 Margaritae
1070 3551 1263 3635 Bourgeois,

146 3675 223 3719 sese
239 3656 403 3732 extendit,
418 3654 603 3738 faustisque
620 3655 764 3720 effloruit
783 3656 949 3738 auspiciis.
969 3655 1148 3720 Postremis
1171 3655 1262 3718 hisce

146 3759 359 3840 temporibus
388 3759 532 3824 dilectus
564 3759 650 3822 filius
680 3759 877 3825 Franciscus
904 3760 1079 3843 Philippus
1112 3761 1261 3824 Francoz
1323 3817 1426 3866 Laudat

146 3863 330 3929 Societatis
349 3864 424 3926 Iesu
441 3865 532 3946 piam
546 3863 840 3930 Consociationem
857 3865 990 3930 aSacra
1007 3865 1149 3928 Familia
1171 3865 1261 3946 Lug·
1292 3883 1439 3932 Consociati-

143 3967 231 4032 duni
244 3967 406 4045 fundavit,
418 3987 505 4050 quae
519 3967 643 4031 fructus
654 3967 759 4032 laetos
773 3964 875 4052 atque
886 3968 1013 4044 uberes,
1027 3968 1101 4030 Deo
1118 3968 1262 4044 iuvante,
1288 3949 1419 4062 mg}

142 4071 191 4136 de
206 4091 244 4134 se
260 4071 442 4152 pollicetur.
460 4069 710 4135 Consociationi
727 4081 797 4136 tarn
811 4072 985 4154 auspicato
1000 4071 1156 4134 conditae
1180 4069 1261 4133 illud
1289 4078 1439 4142 Lugzrunia

142 4183 199 4241 est
209 4173 357 4238 salutare
367 4175 587 4258 propositum:
598 4175 756 4239 nimirum
770 4174 913 4240 familias
923 4169 1120 4235 christianas
1131 4169 1262 4234 arctiori
1289 4145 1400 4258 baem
1409 4209 1436 4260 5·

142 4276 288 4362 pietatis
303 4297 394 4342 nexu
411 4275 535 4342 Sacrae
551 4275 713 4342 Familiae
736 4276 914 4354 devincire,
928 4273 979 4336 vel
996 4274 1109 4356 potius
1124 4273 1263 4336 omnino
1281 4275 1313 4339 J.
1324 4274 1406 4322 condr·
1475 4301 1477 4307 ·
