3216 4880
426 276 478 326 oa
504 273 668 328 aosnruo
696 273 869 324 marram.
1137 259 1206 333 297

98 431 388 516 inexplicabilium
414 428 698 505 communionem,
715 447 773 508 per
789 423 1022 488 claritudinem
1048 421 1119 484 eius
1135 419 1206 501 glo·
1259 418 1351 520 mgr·

98 537 166 598 riae
183 537 214 598 in
233 544 266 598 te
282 531 656 610 redundantem,·enixe
681 531 920 608 obsecramus3
937 527 987 590 eia
1004 545 1075 604 nos,
1089 525 1214 608 quam:
1272 529 1344 592 1894,

98 639 147 702 vis
159 639 325 722 indignos,
334 637 415 701 audi
431 635 578 718 benigna
593 643 627 698 et
637 631 773 697 exaudi.

142 741 252 814 Vobis
264 743 376 826 igitur,
398 737 621 806 Venerabiles
639 737 783 813 Fratres,
799 736 932 801 Rosarii
950 734 1096 800 marialis
1112 752 1206 815 prae·
1257 813 1261 824 Ι
1279 747 1384 796 Conclu-

97 846 366 929 stantia,duplici
379 862 515 929 quoque
531 861 575 917 ex
591 849 686 925 parte
703 861 805 924 quam
822 839 1043 917 laudavimus,
1055 837 1206 902 conside·
1225 811 1369 942 ffiss'jss

97 960 178 1025 rata,
190 971 231 1013 eo
248 947 305 1014 liat
321 948 469 1033 apertius
481 965 540 1010 cur
556 966 623 1010 non
640 947 774 1010 desinat
790 965 867 1010 cura
894 944 1020 1010 Nostra
1042 943 1131 1007 idem
1157 943 1206 1004 in·
1232 944 1304 992 rium
1317 944 1347 1020 ἐκ

96 1055 236 1130 culcare,
262 1053 352 1119 idem
383 1051 576 1135 provehere.
593 1049 804 1116 Caelestibus
831 1048 978 1126 auxiliis,
993 1047 1084 1132 quod
1110 1046 1207 1109 initio
1232 1008 1371 1126 xm?

97 1159 300 1234 monuimus,
316 1155 477 1221 maiorem
494 1155 645 1238 quotidie
661 1156 695 1217 in
709 1155 848 1220 modum
866 1153 996 1236 indiget
1012 1148 1182 1215 saeculum
1198 1167 1206 1224 ;
1231 1139 1339 1270 m?
1353 1140 1389 1188 ‘d

96 1262 293 1344 praesertim
304 1280 407 1344 quum
424 1261 492 1323 late
506 1258 575 1323 sint
592 1258 697 1323 multa
713 1258 835 1340 quibus
851 1256 1030 1324 afflictetur
1046 1254 1207 1324 Ecclesia,
1233 1271 1314 1321 sanda
1335 1271 1383 1321 Ec-

96 1367 159 1430 iuri
182 1384 243 1430 suo
259 1365 473 1448 libertatique
494 1363 663 1442 adversis;
685 1361 792 1426 multa
814 1382 902 1445 quae
916 1361 1108 1426 civitatibus
1123 1359 1208 1422 chri·
1233 1338 1384 1464 {psamma-

94 1470 214 1534 stianis
224 1468 480 1552 prosperitatem
492 1477 525 1530 et
538 1487 655 1549 pacem
668 1465 818 1530 funditus
829 1465 1040 1531 labefactent.
1055 1465 1208 1528 lamvero

94 1575 139 1638 ad
153 1593 192 1639 ea
202 1574 406 1638 demerenda
416 1571 544 1636 auxilia
553 1590 647 1653 spem
665 1571 738 1634 Nos
751 1571 931 1653 plurimam
944 1570 977 1634 in
991 1569 1134 1633 Rosario
1150 1567 1207 1630 ha·

95 1679 175 1742 bere
191 1678 299 1754 sitam,
316 1695 428 1741 rursus
444 1673 675 1758 affirmateque
692 1673 895 1756 profitemur.
913 1671 1054 1738 Utinam
1072 1681 1208 1735 sanctae

94 1781 172 1845 huic
185 1781 303 1864 pietati
314 1769 476 1862 pristinus
486 1781 609 1862 ubique
621 1777 927 1856 honor,secundum
937 1785 1027 1854 vota,
1040 1775 1207 1859 reddatur:

95 1885 180 1950 haec
196 1885 229 1948 in
240 1883 376 1949 urbibus
387 1893 420 1950 et
430 1883 526 1963 villis,
536 1885 570 1948 in
586 1883 721 1949 familiis
731 1895 765 1948 et
777 1881 928 1958 officinis,
944 1880 1033 1963 apud
1045 1879 1207 1962 primores

94 1997 130 2052 et
146 1986 288 2068 infimos,
300 1989 476 2053 adametur
486 1997 519 2054 ct
534 1988 672 2066 colatur,
689 2008 756 2053 non
772 2007 867 2052 secus
882 2006 921 2050 ac
937 1985 1107 2070 praeclara
1122 1984 1206 2048 chri·

94 2094 225 2156 stianae
241 2090 456 2174 professionis
469 2103 602 2170 tessera,
613 2094 847 2176 optimumque
858 2091 1060 2176 praesidium
1073 2089 1207 2154 divinae

95 2195 332 2280 propitiandae
348 2197 555 2262 clementiae.
570 2233 614 2246 -
626 2194 728 2279 Quod
745 2195 881 2277 quidem
895 2195 927 2258 in
942 2194 1013 2258 dies
1023 2193 1206 2277 impensius
1264 2256 1280 2290 a
1282 2240 1386 2290 adactus

95 2309 238 2380 urgeant
248 2321 366 2366 omnes
376 2311 518 2384 oportet,
534 2301 671 2384 quando
681 2300 862 2382 impiorum
874 2318 999 2363 vesana
1009 2296 1207 2379 perversitas
1234 2307 1326 2356 indus
1359 2370 1364 2382 Ι

95 2403 178 2468 nihil
190 2405 257 2468 iarn
274 2423 341 2468 non
354 2413 450 2489 urget
463 2405 690 2470 machinando
700 2413 735 2470 et
750 2405 906 2470 audendo
919 2413 957 2468 ut
968 2401 1072 2466 divini
1088 2401 1121 2465 N
1124 2401 1207 2465 umi·
1230 2376 1382 2500 ῗῶᾚᾏ

95 2507 148 2570 nis
159 2508 241 2570 iram
255 2507 397 2572 lacessat
409 2508 584 2592 iustaeque
594 2509 893 2574 animadversionis
905 2509 1018 2574 trahat
1027 2507 1161 2590 pondus
1172 2507 1206 2569 in

95 2611 249 2693 patriam.
267 2609 360 2675 Inter
381 2619 508 2676 ceteras
528 2613 618 2678 enim
642 2632 786 2689 caussas,
801 2613 865 2678 hoc
885 2613 1002 2678 dolent
1021 2611 1207 2677 Nobiscum

95 2719 177 2781 boni
189 2737 316 2795 omnes,
334 2718 366 2782 in
383 2719 458 2784 sinu
475 2718 550 2801 ipso
561 2718 712 2800 gentium
724 2715 964 2782 catholicarum
977 2716 1118 2780 nimium
1136 2735 1208 2779 esse

97 2827 233 2903 multos,
258 2827 315 2909 qui
337 2825 548 2892 contumeliis
570 2824 722 2908 religioni
748 2841 961 2908 quocumque
984 2820 1087 2885 modo
1109 2819 1209 2884 illatis

95 2930 273 3008 laetentur,
283 2931 424 3013 ipsique,
439 2928 623 2993 incredibili
634 2927 780 3009 quadam
794 2926 930 2991 licentia
942 2923 1107 3008 quidlibet
1118 2923 1210 2987 euul-

94 3033 208 3118 gandi‚
220 3034 253 3098 in
272 3033 306 3098 id
318 3033 497 3099 videantur
507 3033 701 3096 incumbere
712 3041 750 3095 ut
765 3031 994 3094 sanctissimas
1004 3030 1075 3093 eius
1086 3047 1137 3092 res
1149 3048 1209 3091 ex·

80 3137 332 3228 ⁸ploratamque
343 3139 387 3202 de
402 3135 551 3220 Virginis
568 3134 755 3216 patrocinio
771 3131 927 3200 fiduciam
939 3134 972 3197 in
986 3132 1209 3215 contemptio-

97 3263 176 3309 nem
192 3255 226 3309 et
242 3245 422 3310 ludibrium
437 3243 662 3308 multitudinis
677 3251 808 3306 vocent.
826 3237 993 3304 Proximis
1009 3236 1101 3300 hisce
1117 3255 1207 3299 men·
1294 3261 1385 3310 cm.

96 3349 199 3425 sibus,
213 3369 253 3412 ne
264 3349 387 3414 Christi
398 3349 534 3432 quidem
550 3345 662 3411 lESV
675 3345 861 3411 Servatoris
872 3360 1034 3426 personae
1044 3339 1208 3421 augustis·
1235 3327 1323 3376 ‚raetiae
1333 3341 1370 3374 ’θ’

98 3451 205 3514 simae
214 3460 439 3534 temperatum
450 3459 509 3516 est.
520 3449 632 3533 Quam
646 3468 761 3532 rapere
772 3448 805 3512 in
819 3449 992 3513 illecebras
1002 3465 1130 3523 scenae,
1143 3446 1208 3508 iam
1232 3393 1356 3522 smil

98 3555 225 3638 passim
252 3557 503 3620 contaminatae
519 3552 664 3636 flagitiis,
680 3553 820 3618 mlnime
843 3553 972 3637 puduit,
987 3550 1210 3632 eamdemque
1228 3523 1388 3638 {m'ss‘r

98 3655 220 3721 referre
237 3659 373 3741 propria
387 3657 598 3724 deminutam
622 3665 764 3720 naturae
778 3655 912 3720 divinae
930 3653 1105 3718 maiestate
1121 3671 1129 3730 ;
1143 3669 1210 3733 qua
1235 3655 1324 3714 Irata,

98 3759 261 3840 detracta,
278 3762 545 3845 redemptionem
557 3760 665 3844 ipsam
681 3759 821 3824 humani
837 3758 969 3841 generis
986 3755 1059 3822 tolli
1076 3771 1211 3818 necesse

101 3875 162 3929 est.
179 3863 298 3948 Neque
314 3865 441 3948 puduit
452 3863 536 3930 velle
549 3884 569 3928 a
584 3863 789 3947 sempiterna
810 3861 948 3926 infamia
961 3860 1133 3923 hominem
1150 3855 1210 3920 eri·

101 3987 189 4051 pere,
202 3969 335 4034 sceleris
351 3988 444 4034 reum
457 3967 686 4052 perfidiaeque
702 3968 835 4031 summa
851 3975 928 4049 post
944 3962 1119 4029 hominum
1143 3979 1210 4022 me·

101 4073 243 4137 moriam
260 4073 472 4138 immanitate
487 4070 707 4147 detestabilis,
722 4069 928 4154 proditorem
944 4067 1079 4133 Christi.
1094 4101 1137 4114 -
1152 4061 1208 4128 Ad
1284 4085 1389 4150 aliquas

99 4174 195 4251 haec,
211 4194 271 4258 per
283 4175 403 4240 Italiae
418 4175 517 4240 urbes
533 4173 584 4239 vcl
602 4183 734 4260 patrata
750 4173 802 4240 vel
827 4172 1003 4256 patranda,
1020 4170 1209 4252 indignatio
1234 4151 1387 4284 {wem

101 4279 255 4342 universe
269 4288 442 4344 commota
453 4288 514 4356 est,
529 4281 649 4345 acriter
659 4278 908 4363 deplorantium
925 4275 1141 4341 sacerrimum
1158 4272 1209 4335 ius
1235 4286 1352 4334 arnume
