3296 4886
387 251 409 322 8
590 264 770 318 asrsvoun
797 263 1008 318 suevcmca
1037 251 1057 282 ‘¹
1080 264 1245 318 octoaar
1269 242 1287 268 ’'

251 435 359 486 Assiduo
383 423 604 502 diffitendum,
620 443 721 507 quarn
733 421 826 505 gravi
841 422 977 488 tristitia
992 423 1160 502 optimum
1176 443 1348 507 quemque
1364 421 1487 487 afficiat

207 507 357 616 ‘⁰'''{2⁸„,‘,·‘,{j
381 528 464 593 haec
479 527 614 592 assidua
624 525 807 590 dimicandi
819 525 1150 610 contentioMagnae
1162 527 1319 592 nimirum
1331 525 1490 592 tristitiae

207 631 299 709 arunas
312 638 355 694 pt·
381 651 508 710 caussa,
518 641 587 696 tam
598 649 670 694 esse
681 628 814 706 multos,
825 649 909 713 quos
925 631 1108 714 pravitates
1119 651 1268 696 errorum
1279 641 1313 695 et
1326 631 1359 694 in
1374 629 1485 698 Deum

206 713 296 812 1022}ss
303 711 358 810 οἵ
380 735 549 817 protervia
563 731 663 815 longe
678 732 849 797 abducant
863 742 1033 816 agautque
1044 735 1259 818 praecipites;
1271 744 1341 800 tam
1352 731 1486 810 multos,
1635 807 1636 818 1

312 827 353 888 Μ’
380 839 437 923 qui
453 839 496 903 ad
525 837 711 921 quamlibet
734 835 903 920 religionis
933 836 1076 904 sormam
1110 859 1147 903 se
1177 859 1284 924 aeque
1315 839 1491 914 habentes,
1533 825 1538 832 ⁶
1635 821 1636 834 ¹

379 943 527 1006 divinam
539 942 605 1006 iam
621 943 687 1006 iam
704 959 829 1006 exuere
844 939 944 1007 fidem
961 943 1137 1008 videantur
1153 965 1160 1022 ;
1178 963 1288 1028 neque
1300 945 1348 1010 ita
1360 961 1490 1027 paucos

379 1067 451 1111 esse
466 1047 620 1128 homines
635 1045 825 1124 catholicos,
841 1046 897 1130 qui
921 1046 1116 1130 religionem
1141 1049 1392 1113 nominetenus
1410 1045 1489 1111 reti-

379 1160 491 1228 neant,
507 1170 574 1216 non
590 1169 624 1214 re
638 1148 827 1232 debitisque
842 1149 955 1215 colant
973 1147 1103 1216 officiis.
1128 1151 1169 1216 Id
1186 1161 1360 1234 praeterea
1379 1149 1487 1216 multo
1636 1167 1637 1242 l

220 1333 225 1346 .
236 1275 353 1332 praesm-
378 1255 512 1336 gravius
538 1254 632 1335 angit
647 1263 681 1317 et
697 1261 800 1317 vexat
824 1253 986 1332 animum,
1009 1264 1176 1338 reputare,
1200 1265 1271 1320 tam
1297 1254 1488 1320 luctuosam
1636 1253 1637 1256 ’

198 1339 353 1462 W&
379 1356 542 1420 malorum
561 1355 741 1439 perniciem
758 1355 836 1420 inde
860 1356 1073 1438 potissimum
1101 1366 1220 1435 ortam,
1236 1359 1327 1441 quod
1353 1358 1387 1422 in
1400 1367 1485 1424 tem·

201 1480 232 1512 ex
249 1479 276 1514 eo
297 1473 353 1542 ⁰5¹?
379 1460 550 1543 paratione
565 1459 738 1524 civitatum
754 1459 806 1524 vel
822 1459 914 1527 nullo
930 1457 996 1524 iam
1007 1459 1082 1526 loco
1093 1459 1246 1525 Ecclesia
1256 1468 1419 1538 censetur,
1431 1459 1484 1524 vel

200 1531 353 1659 qffiffssssf
377 1563 613 1630 saluberrimae
631 1563 744 1628 virtuti
760 1563 831 1628 eius
847 1564 961 1628 dedita
988 1583 1092 1648 opera
1117 1575 1328 1648 repugnatur
1341 1585 1350 1645 ;
1365 1583 1432 1648 qua
1447 1565 1481 1630 in

216 1661 354 1776 mg&
377 1687 412 1731 re
427 1675 567 1749 apparet
582 1684 707 1748 magna
723 1666 858 1750 quidem
875 1676 909 1730 et
926 1667 1013 1732 iusta
1029 1668 1173 1732 vindicis
1190 1667 1255 1731 Dei
1272 1667 1489 1732 animadver-

225 1791 297 1841 nutr
310 1807 351 1840 cu.
377 1771 437 1849 sio,
451 1771 508 1853 qui
525 1769 718 1834 recedentes
734 1790 754 1834 a
769 1789 804 1834 se
820 1771 974 1834 nationes
991 1771 1178 1836 miserrima
1197 1773 1361 1836 urentium
1379 1769 1485 1836 caeci-

299 1864 349 1908 Μ’·
377 1884 447 1942 tate
459 1877 548 1939 sinat
563 1873 752 1939 hebescere.
793 1867 796 1876 ’

234 1984 352 2060 murrum
421 1977 636 2062 Quapropter
651 1995 702 2040 res
718 1977 791 2059 ipsa
806 1978 940 2054 clamat,
956 1978 1188 2044 vehementius
1210 1978 1335 2043 clamat
1351 1979 1385 2042 in
1403 1979 1490 2057 dies,
1638 1976 1639 2058 l

195 2056 352 2113 promeran-
612 2080 619 2093 ·
806 2079 813 2093 ·
981 2081 989 2096 .
1160 2082 1167 2096 .

230 2115 292 2164 dum
303 2121 352 2180 m
378 2099 511 2145 necesse
527 2098 667 2144 ommno
690 2079 874 2144 catholicos
897 2080 1051 2146 hommes
1078 2082 1232 2164 precibus
1260 2083 1303 2146 ad
1320 2081 1432 2146 Deum
1450 2090 1484 2146 et

201 2179 353 2295 mmlx
376 2187 663 2252 obsecrationibus
697 2188 745 2252 uti
775 2188 900 2252 alacres
932 2199 1193 2272 perseverantes,
1215 2189 1286 2253 sine
1317 2190 1488 2254 interrm's-

201 2311 281 2361 salure
292 2326 352 2374 μη-
377 2291 464 2354 sione
476 2289 519 2371 (¹)
533 2313 540 2354 ε
561 2290 662 2374 idque
679 2310 745 2354 non
761 2291 851 2374 apud
875 2311 911 2355 se
926 2292 1069 2375 quisque
1083 2301 1226 2370 tantum,
1242 2294 1300 2358 sed
1318 2313 1359 2357 eo
1375 2292 1488 2376 magis

275 2376 349 2426 uum.
378 2399 509 2481 publice
524 2397 649 2462 iaciant
664 2407 807 2481 oportet,
822 2399 924 2463 sacris
941 2400 974 2462 in
992 2399 1132 2466 aedibus
1157 2402 1365 2484 congregati,
1380 2401 1485 2464 enixe

378 2503 578 2585 flagitantes,
594 2510 630 2566 ut
648 2501 834 2568 Ecclesiam
861 2504 1175 2585 providentissimus
1191 2505 1285 2570 Deus
1307 2504 1349 2570 ab
1365 2505 1487 2587 impor-

378 2607 469 2672 tunis
482 2617 514 2672 et
528 2607 626 2672 malis
640 2606 872 2691 hominibusu)
889 2607 1015 2686 liberet,
1027 2609 1290 2692 pertubatasque
1303 2619 1421 2692 gentes
1437 2609 1483 2672 ad

378 2711 558 2776 sanitatem
586 2720 620 2774 et
645 2721 791 2776 mentem
819 2712 893 2776 luce
918 2719 951 2775 et
974 2713 1114 2776 caritate
1131 2709 1256 2777 Christi
1274 2713 1421 2778 reducat.
1437 2749 1479 2762 -

206 2819 352 2898 Discrimerz
380 2815 449 2878 Res
464 2814 634 2879 enimvero
649 2833 749 2896 supra
764 2814 939 2880 hominum
950 2811 1052 2880 fidem
1068 2815 1229 2880 mirabilis
1242 2816 1249 2880 l
1266 2815 1368 2882 Viam
1385 2835 1482 2881 suam

202 2891 355 3000 oderam
379 2917 501 2981 laboris
517 2916 651 2998 plenam
668 2915 839 2981 saeculum
854 2917 991 3000 quidem
1009 2917 1142 2992 insistit,
1159 2918 1282 2984 fretum
1298 2919 1430 3003 opibus,
1440 2919 1483 2996 vi,

218 3017 312 3094 suemus
331 3023 355 3106 t(
381 3022 490 3098 armis,
516 3022 671 3104 ingenio:
698 3023 815 3086 securo
843 3021 993 3086 Ecclesia
1019 3023 1187 3105 plenoque
1217 3024 1324 3106 gradu
1350 3033 1481 3088 aetates

144 3165 155 3212 ,⁹
214 3081 352 3208 {zm}
381 3124 534 3202 decurrit,
549 3123 676 3189 conlisa
702 3123 798 3189 unice
823 3125 907 3204 Deo,
922 3127 964 3190 ad
991 3145 1090 3210 quem
1118 3127 1239 3192 diuma
1261 3140 1295 3193 et
1319 3137 1487 3192 nocturna.

206 3213 355 3341 fimat
382 3245 479 3308 prece
490 3227 604 3294 oculos
614 3237 647 3289 et
661 3245 779 3290 manus
789 3228 921 3294 attollit
936 3229 1016 3313 Ipsa
1026 3230 1126 3307 enim,
1141 3250 1348 3315 quamquam
1362 3243 1489 3308 cetera,

203 3342 353 3420 inmoran-
380 3349 611 3414 quaecumque
626 3350 671 3394 ex
687 3329 753 3394 Dei
780 3350 860 3396 cura
880 3341 1015 3415 tempus
1031 3331 1128 3397 affert
1143 3333 1292 3399 humana
1307 3335 1483 3417 praesidia,

202 3405 351 3471 daconfidu.
380 3435 527 3517 prudens
542 3455 609 3498 non
626 3433 776 3518 negligit,
791 3456 856 3500 non
872 3437 904 3500 in
921 3437 961 3501 iis
976 3445 1091 3501 tamen
1102 3438 1161 3501 sed
1174 3439 1286 3521 potius
1297 3439 1331 3504 in
1344 3439 1488 3517 orando,

380 3540 635 3620 comprecando,
650 3537 923 3621 obsecrandoque
949 3539 1033 3618 Deo,
1059 3541 1285 3624 praecipuam
1305 3543 1357 3608 sui
1387 3560 1482 3624 spem

380 3647 520 3728 reponit.
541 3643 626 3708 lnde
651 3642 753 3706 habet
777 3662 844 3726 quo
871 3643 1007 3708 vitalem
1033 3644 1187 3728 spiritum
1204 3644 1272 3710 alat
1290 3655 1323 3711 et
1339 3645 1488 3724 roboret,

379 3749 457 3834 quia
471 3748 535 3812 sibi
551 3745 746 3829 assiduitate
771 3746 929 3828 precandi
945 3749 1112 3830 contingit
1129 3748 1281 3826 feliciter,
1297 3758 1345 3827 ut,
1360 3748 1403 3814 ab
1423 3748 1484 3813 hu·

378 3869 551 3919 manarum
568 3867 678 3915 rerum
694 3848 921 3914 vicissitudine
945 3850 1072 3916 intacta
1088 3859 1122 3916 et
1138 3851 1171 3916 in
1189 3861 1355 3934 perpetua
1373 3850 1481 3916 divini

378 3956 534 4022 Numinis
550 3952 794 4030 coniunctione,
809 3953 913 4016 vitam
930 3953 1038 4035 ipsam
1055 3953 1181 4019 Christi
1194 3953 1334 4019 Domini
1346 3953 1481 4018 hauriat

376 4081 414 4125 ac
429 4056 608 4141 tranquille
634 4056 832 4139 placideque
858 4057 1034 4136 traducat;
1061 4059 1129 4122 fere
1158 4060 1201 4122 ad
1222 4057 1347 4123 Christi
1375 4057 1485 4139 ipsius

376 4162 639 4238 similitudinem,
665 4161 717 4224 cui
745 4160 950 4224 cruciatuum
986 4153 1112 4239 di'ritas,
1128 4181 1212 4246 quos
1241 4163 1274 4226 in
1303 4179 1485 4226 commune
