3222 4888
382 263 450 333 188
478 282 668 332 urrunsa
688 281 925 333 suevcmcnu
945 271 1181 333 “camurae
1201 283 1382 334 snucma.
1399 260 1416 286 '²

376 452 452 495 nem
469 442 503 496 et
529 433 645 496 turbas
673 432 842 514 publicam
875 445 1006 500 tentare
1034 437 1286 518 pacem,iisque
1318 436 1474 500 obsistere

249 545 349 622 Ιὶΐιννις-
376 557 517 618 quorum
535 547 585 600 est
602 537 693 600 illam
710 539 820 602 tutari.
839 577 881 588 -
898 539 1025 603 Contra
1041 541 1124 603 haec
1154 540 1283 604 curatio
1312 549 1473 620 petatura

225 609 351 724 aarum
378 641 519 704 Rosario
536 641 674 716 mariali,
690 643 780 722 quod
805 642 904 706 simul
921 655 1013 706 certo
1039 663 1173 725 precum
1201 643 1319 707 ordine
1349 651 1476 706 constat

219 741 292 816 affin
301 741 352 853 Rss,
376 754 408 806 et
434 745 489 825 pia
507 745 743 826 mysteriorum
761 743 884 810 Christi
903 743 1090 812 Servatoris
1107 759 1142 812 et
1159 747 1280 812 Matris
1311 767 1477 810 commen·

195 814 350 947 {mmm
376 849 512 912 tatione.
531 848 663 931 Nempe
688 849 891 932 gaudiorum
923 853 1076 932 mysteria
1104 851 1208 934 probe
1236 860 1271 916 et
1303 851 1345 914 ad
1365 850 1478 932 vulgus

220 943 346 1000 mysuna.
377 962 580 1032 enarrentur,
596 974 644 1032 ac,
661 953 764 1019 veluti
782 955 931 1037 picturae
947 957 1113 1034 quaedam
1126 957 1360 1038 imaginesque
1382 955 1479 1018 virtu·

376 1068 459 1134 tum,
475 1059 509 1122 in
525 1058 629 1122 oculis
646 1058 821 1123 hominum
845 1061 1094 1124 constituantur
1112 1085 1118 1124 :
1139 1061 1317 1143 perspiciet
1333 1061 1480 1141 quisque,

377 1181 477 1245 quam
495 1162 609 1242 ampla
625 1163 703 1226 inde
724 1183 893 1246 quamque
911 1165 1027 1240 facilis,
1043 1167 1085 1228 ad
1104 1166 1207 1228 vitam
1230 1165 1373 1229 honeste
1394 1183 1480 1226 com·

377 1265 579 1347 ponendam,
610 1265 770 1330 offeratur
800 1268 1079 1332 documentorum
1102 1269 1209 1350 copia,
1241 1269 1323 1330 mira
1355 1267 1482 1330 animos

266 1401 350 1451 Nara·
377 1371 543 1433 suavitate
571 1370 855 1437 allicientium-
871 1372 1080 1438 Obversatur
1102 1372 1339 1436 Nazarethana
1352 1372 1480 1444 domus,

231 1467 351 1582 mrim
377 1481 532 1536 terrestre
548 1473 630 1538 illud
646 1475 866 1558 divinumque
878 1475 1121 1540 sanctimoniae
1138 1476 1354 1540 domicilium.
1368 1474 1481 1558 Quan-

209 1599 350 1674 essenorum
376 1585 449 1640 tum
467 1577 499 1639 in
513 1597 552 1640 ea
567 1579 785 1659 quotidianae
798 1581 1048 1644 consuetudinis
1071 1579 1264 1662 exemplar!
1281 1599 1367 1662 quae
1385 1579 1483 1641 socie-

200 1671 348 1778 βψω·
377 1681 457 1743 tatis
472 1681 678 1744 domesticae
694 1685 834 1746 omnino
860 1685 1007 1765 perlecta
1028 1667 1161 1764 'species
1178 1682 1410 1766 lSimplicitas
1442 1681 1482 1746 ibi

378 1803 508 1846 morum
539 1793 572 1846 et
605 1785 957 1878 cand0r3animorum
989 1797 1153 1872 perpetua
1180 1787 1378 1864 consensio;
1397 1787 1485 1850 nulla

377 1888 503 1951 ordinis
520 1888 730 1970 perturbatio
744 1911 751 1969 ;
767 1891 981 1956 observantia
995 1903 1112 1955 mutua
1127 1913 1134 1970 ;
1147 1911 1241 1955 amor
1257 1891 1415 1975 denique,
1422 1911 1482 1954 non

378 1991 432 2054 ille
445 1990 576 2054 fucatus
593 2001 627 2055 et
638 1995 797 2070 mendax,
807 1995 865 2057 sed
880 1995 937 2076 qui
954 1994 1139 2060 officiorum
1150 1995 1347 2059 assiduitate
1358 1995 1484 2075 integre

377 2099 504 2180 vigens,
519 2097 571 2160 vel
598 2098 713 2162 oculos
738 2100 942 2163 intuentium
976 2101 1092 2182 rapiat.
1118 2099 1191 2164 Illic
1219 2100 1318 2162 datur
1347 2099 1482 2181 quidem

378 2201 525 2265 studium
538 2220 578 2262 ea
595 2202 747 2282 parando
757 2223 844 2284 quae
860 2204 1078 2284 suppeditent
1095 2205 1138 2266 ad
1150 2203 1276 2266 victum
1288 2210 1322 2264 et
1335 2201 1484 2277 cultum;

378 2303 410 2367 id
428 2322 507 2366 vero
533 2302 569 2365 in
592 2303 707 2366 sudore
723 2305 844 2382 vultus,
861 2315 895 2369 et
920 2316 958 2370 ut
973 2307 1017 2370 ab
1033 2306 1089 2382 eis,
1106 2306 1172 2388 qui,
1189 2325 1292 2387 parvo
1326 2303 1486 2380 contenti,

378 2409 489 2490 potius
506 2417 609 2491 agant
620 2418 657 2471 ut
671 2409 780 2472 minus
796 2419 928 2490 egeant,
944 2427 1046 2490 quam
1063 2417 1100 2472 ut
1118 2407 1192 2490 plus
1203 2407 1359 2471 habeant.
1380 2406 1486 2488 Super

378 2511 597 2590 haecomnia,
613 2531 745 2575 summa
761 2511 989 2595 tranquillitas
1004 2512 1136 2588 mentis,
1146 2531 1207 2592 par
1223 2509 1326 2573 animi
1338 2510 1486 2587 laetitia;

379 2635 464 2697 quae
480 2618 549 2678 duo
566 2625 655 2678 recte
672 2615 837 2678 factorum
850 2615 1091 2678 conscientiam
1110 2635 1283 2697 nunquam
1301 2633 1367 2677 non
1387 2615 1486 2677 comi·

379 2729 502 2783 tantur.
513 2757 557 2768 —
573 2717 725 2802 Quarum
757 2719 917 2801 exempla
934 2719 1106 2794 virtutum,
1122 2717 1310 2782 modestiae
1327 2717 1485 2779 nimirum

380 2844 418 2886 ac
432 2823 654 2900 demissionis,
664 2822 816 2886 laborum
828 2823 1028 2886 tolerantiae
1041 2833 1074 2885 et
1085 2817 1208 2884 inalios
1219 2819 1484 2894 benevolentiae,

379 2927 573 3010 diligentiae
584 2928 735 2990 tenuium
753 2925 937 2991 officiorum
950 2946 1037 3008 quae
1054 2935 1131 2989 sunt
1148 2926 1181 2988 in
1197 2925 1397 3008 quotidiana
1414 2925 1488 3000 vita,

380 3043 490 3098 cetera
521 3035 657 3097 demum
681 3033 850 3116 exempla,
865 3033 965 3096 simul
983 3042 1085 3115 atque
1116 3030 1350 3111 concipiantur
1365 3030 1488 3093 sensim

380 3138 501 3203 animis
533 3137 667 3220 alteque
698 3137 877 3214 insideant,
893 3137 1018 3199 sensim
1048 3135 1200 3218 proiecto
1231 3135 1264 3197 in
1292 3134 1340 3196 eis
1371 3141 1487 3217 optata

262 3303 268 3314 ,
321 3300 343 3349 1·
380 3241 595 3306 consiliorum
628 3260 826 3323 morumque
855 3241 998 3304 mutatio
1014 3241 1154 3304 eveniet.
1171 3239 1260 3303 Turn
1278 3258 1339 3302 sua
1370 3238 1487 3319 cuique

202 3316 354 3426 affluis,
382 3365 528 3423 munera,
544 3363 757 3428 nequaquam
788 3345 949 3425 despecta
972 3355 1070 3408 erunt
1093 3353 1129 3407 et
1144 3343 1294 3419 molesta,
1310 3343 1370 3406 sed
1396 3353 1487 3424 grata

381 3451 493 3533 potius
509 3461 542 3514 et
558 3449 784 3532 delectabilia:
800 3460 912 3532 atque,
929 3451 1138 3514 iucunditate
1167 3449 1312 3527 quadam
1345 3465 1487 3530 aspersa,

381 3557 515 3620 enixius
547 3557 589 3620 ad
622 3555 726 3637 probe
758 3556 927 3637 agendum
946 3555 1152 3618 conscientia
1167 3551 1267 3617 officii
1284 3552 1421 3616 valebit.
1435 3551 1485 3614 Ex

381 3681 422 3724 eo
438 3681 546 3730 mores
567 3661 600 3724 in
625 3679 743 3722 omnes
760 3669 872 3740 partes
899 3660 1097 3738 mitescent;
1114 3659 1300 3722 domestica
1324 3655 1488 3721 convictio

381 3761 413 3824 in
432 3781 546 3825 amore
563 3769 597 3825 et
619 3759 747 3824 deliciis
764 3759 847 3838 erit;
865 3779 945 3823 usus
960 3779 1036 3822 cum
1055 3759 1173 3822 ceteris
1201 3757 1276 3840 plus
1309 3757 1419 3820 multo
1434 3756 1485 3819 ha·

210 3901 355 3951 „„·„·„„·,
381 3865 473 3929 bebit
499 3867 646 3928 sincerae
677 3864 910 3928 observantiae
926 3873 959 3925 et
982 3863 1144 3926 caritatis.
1162 3861 1259 3946 Quae
1286 3861 1435 3944 quidem,
1446 3880 1485 3923 ex

204 3967 248 4045 blf
269 3967 355 4015 urrus-
382 3969 517 4034 homine
533 3968 702 4051 singulari,
718 3967 745 4029 si
762 3967 829 4032 late
846 3968 879 4030 in
897 3967 1053 4045 familias,
1069 3969 1101 4029 in
1128 3967 1291 4042 civitates,
1309 3964 1342 4027 in
1359 3966 1484 4028 univer·

204 4048 307 4082 smum.
381 4095 455 4138 sum
474 4073 665 4157 quempiam
683 4072 844 4154 populum
862 4069 1090 4146 traducantur,
1107 4081 1143 4134 ut
1168 4068 1309 4133 adhaec
1338 4068 1486 4132 instituta

383 4177 599 4242 moderentur
625 4176 754 4252 vitam;
777 4185 905 4256 quanta
932 4173 1011 4238 iude
1043 4171 1235 4256 reipublicae
1262 4169 1484 4234 emolumenta

382 4283 452 4346 sint
467 4281 823 4361 obventura,apertum
841 4286 902 4342 est.

224 3633 353 3699 familiis,
