<?xml version="1.0" encoding="UTF-8"?>
<!DOCTYPE html PUBLIC "-//W3C//DTD XHTML 1.0 Transitional//EN"
    "http://www.w3.org/TR/xhtml1/DTD/xhtml1-transitional.dtd">
<html xmlns="http://www.w3.org/1999/xhtml" xml:lang="en" lang="en">
 <head>
  <title>
</title>
<meta http-equiv="Content-Type" content="text/html;charset=utf-8" />
  <meta name='ocr-system' content='tesseract 3.04.00' />
  <meta name='ocr-capabilities' content='ocr_page ocr_carea ocr_par ocr_line ocrx_word'/>
</head>
<body>
  <div class='ocr_page' id='page_1' title='image "./sanctissimidomi01xiiigoog_0278.png"; bbox 0 0 3216 4880; ppageno 0'>
   <div class='ocr_carea' id='block_1_1' title="bbox 254 305 1186 380">
    <p class='ocr_par' dir='ltr' id='par_1_1' title="bbox 254 305 1186 380">
     <span class='ocr_line' id='line_1_1' title="bbox 254 305 1186 380; baseline 0.001 -20"><span class='ocrx_word' id='word_1_1' title='bbox 254 308 306 360; x_wconf 82' lang='lat' dir='ltr'>DE</span> <span class='ocrx_word' id='word_1_2' title='bbox 324 306 478 359; x_wconf 81' lang='lat' dir='ltr'><strong>TEMPLO</strong></span> <span class='ocrx_word' id='word_1_3' title='bbox 496 305 749 360; x_wconf 77' lang='lat' dir='ltr'>FRANCISCALI</span> <span class='ocrx_word' id='word_1_4' title='bbox 769 305 1019 362; x_wconf 85' lang='lat' dir='ltr'><strong>BONONIENSI.</strong></span> <span class='ocrx_word' id='word_1_5' title='bbox 1119 307 1186 380; x_wconf 88' lang='lat'>271</span> 
     </span>
    </p>
   </div>
   <div class='ocr_carea' id='block_1_2' title="bbox 83 461 1370 1794">
    <p class='ocr_par' dir='ltr' id='par_1_2' title="bbox 83 461 1370 1690">
     <span class='ocr_line' id='line_1_2' title="bbox 84 461 1343 555; baseline -0.001 -30"><span class='ocrx_word' id='word_1_6' title='bbox 84 462 261 546; x_wconf 86' lang='lat' dir='ltr'><strong>probastis,</strong></span> <span class='ocrx_word' id='word_1_7' title='bbox 276 461 319 526; x_wconf 92' lang='lat' dir='ltr'>de</span> <span class='ocrx_word' id='word_1_8' title='bbox 335 462 452 526; x_wconf 89' lang='lat' dir='ltr'>eadem</span> <span class='ocrx_word' id='word_1_9' title='bbox 470 483 503 524; x_wconf 91' lang='lat' dir='ltr'>re</span> <span class='ocrx_word' id='word_1_10' title='bbox 520 462 653 544; x_wconf 83' lang='lat' dir='ltr'>egregie</span> <span class='ocrx_word' id='word_1_11' title='bbox 670 462 808 526; x_wconf 89' lang='lat' dir='ltr'>merito:</span> <span class='ocrx_word' id='word_1_12' title='bbox 825 481 933 544; x_wconf 89' lang='lat' dir='ltr'>neque</span> <span class='ocrx_word' id='word_1_13' title='bbox 961 461 1071 526; x_wconf 89' lang='lat' dir='ltr'>miuus</span> <span class='ocrx_word' id='word_1_14' title='bbox 1098 483 1192 546; x_wconf 85' lang='lat' dir='ltr'>prae·</span> <span class='ocrx_word' id='word_1_15' title='bbox 1219 479 1343 555; x_wconf 35' lang='lat' dir='ltr'>urantur·</span> 
     </span>
     <span class='ocr_line' id='line_1_3' title="bbox 84 541 1369 674; baseline 0.002 -46"><span class='ocrx_word' id='word_1_16' title='bbox 84 565 161 630; x_wconf 93' lang='lat' dir='ltr'>sidii</span> <span class='ocrx_word' id='word_1_17' title='bbox 177 567 284 630; x_wconf 86' lang='lat' dir='ltr'>aderit</span> <span class='ocrx_word' id='word_1_18' title='bbox 300 575 390 629; x_wconf 89' lang='lat' dir='ltr'>certe</span> <span class='ocrx_word' id='word_1_19' title='bbox 416 566 513 629; x_wconf 88' lang='lat' dir='ltr'>vobis</span> <span class='ocrx_word' id='word_1_20' title='bbox 528 565 572 628; x_wconf 88' lang='lat' dir='ltr'>ab</span> <span class='ocrx_word' id='word_1_21' title='bbox 589 565 660 628; x_wconf 89' lang='lat' dir='ltr'>eius</span> <span class='ocrx_word' id='word_1_22' title='bbox 680 565 880 628; x_wconf 87' lang='lat' dir='ltr'>auctoritate</span> <span class='ocrx_word' id='word_1_23' title='bbox 896 575 931 629; x_wconf 92' lang='lat' dir='ltr'>et</span> <span class='ocrx_word' id='word_1_24' title='bbox 947 565 1134 648; x_wconf 88' lang='lat' dir='ltr'>prudentia.</span> <span class='ocrx_word' id='word_1_25' title='bbox 1150 602 1194 616; x_wconf 91' lang='lat'><em>-</em></span> <span class='ocrx_word' id='word_1_26' title='bbox 1218 541 1369 674; x_wconf 47' lang='lat' dir='ltr'>mom</span> 
     </span>
     <span class='ocr_line' id='line_1_4' title="bbox 86 667 1370 752; baseline 0.002 -20"><span class='ocrx_word' id='word_1_27' title='bbox 86 667 174 732; x_wconf 89' lang='lat' dir='ltr'>Illud</span> <span class='ocrx_word' id='word_1_28' title='bbox 199 670 388 752; x_wconf 90' lang='lat' dir='ltr'>optandum</span> <span class='ocrx_word' id='word_1_29' title='bbox 421 679 536 744; x_wconf 89' lang='lat' dir='ltr'>restat,</span> <span class='ocrx_word' id='word_1_30' title='bbox 552 679 598 746; x_wconf 94' lang='lat' dir='ltr'>ut,</span> <span class='ocrx_word' id='word_1_31' title='bbox 623 669 813 732; x_wconf 91' lang='lat' dir='ltr'>nuntiatum</span> <span class='ocrx_word' id='word_1_32' title='bbox 837 688 858 731; x_wconf 92' lang='lat' dir='ltr'>a</span> <span class='ocrx_word' id='word_1_33' title='bbox 879 668 975 733; x_wconf 92' lang='lat' dir='ltr'>vobis</span> <span class='ocrx_word' id='word_1_34' title='bbox 1006 669 1193 747; x_wconf 87' lang='lat' dir='ltr'>consilium,</span> <span class='ocrx_word' id='word_1_35' title='bbox 1218 679 1301 734; x_wconf 64' lang='lat' dir='ltr'>verat</span> <span class='ocrx_word' id='word_1_36' title='bbox 1317 691 1370 726; x_wconf 73' lang='lat' dir='ltr'>exe·</span> 
     </span>
     <span class='ocr_line' id='line_1_5' title="bbox 85 744 1370 868; baseline 0.002 -34"><span class='ocrx_word' id='word_1_37' title='bbox 85 773 219 836; x_wconf 83' lang='lat' dir='ltr'>votivae</span> <span class='ocrx_word' id='word_1_38' title='bbox 235 792 312 836; x_wconf 86' lang='lat' dir='ltr'>arae</span> <span class='ocrx_word' id='word_1_39' title='bbox 329 793 390 855; x_wconf 87' lang='lat' dir='ltr'>pro</span> <span class='ocrx_word' id='word_1_40' title='bbox 406 793 487 855; x_wconf 90' lang='lat' dir='ltr'>pace</span> <span class='ocrx_word' id='word_1_41' title='bbox 503 773 676 836; x_wconf 86' lang='lat' dir='ltr'>christiani</span> <span class='ocrx_word' id='word_1_42' title='bbox 694 773 810 855; x_wconf 88' lang='lat' dir='ltr'>populi</span> <span class='ocrx_word' id='word_1_43' title='bbox 835 775 960 837; x_wconf 85' lang='lat' dir='ltr'>ibidem</span> <span class='ocrx_word' id='word_1_44' title='bbox 977 773 1194 851; x_wconf 86' lang='lat' dir='ltr'>dedicandae,</span> <span class='ocrx_word' id='word_1_45' title='bbox 1216 744 1370 868; x_wconf 42' lang='lat' dir='ltr'>{fixam</span> 
     </span>
     <span class='ocr_line' id='line_1_6' title="bbox 85 872 1368 986; baseline 0.003 -47"><span class='ocrx_word' id='word_1_46' title='bbox 85 897 121 940; x_wconf 90' lang='lat' dir='ltr'>re</span> <span class='ocrx_word' id='word_1_47' title='bbox 132 877 205 960; x_wconf 87' lang='lat' dir='ltr'>ipsa</span> <span class='ocrx_word' id='word_1_48' title='bbox 222 885 408 942; x_wconf 81' lang='lat' dir='ltr'>maturetur</span> <span class='ocrx_word' id='word_1_49' title='bbox 426 898 434 956; x_wconf 91' lang='lat'>;</span> <span class='ocrx_word' id='word_1_50' title='bbox 450 877 532 942; x_wconf 80' lang='lat' dir='ltr'><strong>nihil</strong></span> <span class='ocrx_word' id='word_1_51' title='bbox 549 878 639 942; x_wconf 91' lang='lat' dir='ltr'>enim</span> <span class='ocrx_word' id='word_1_52' title='bbox 657 887 769 960; x_wconf 90' lang='lat' dir='ltr'>potest</span> <span class='ocrx_word' id='word_1_53' title='bbox 792 880 899 961; x_wconf 85' lang='lat' dir='ltr'>magis</span> <span class='ocrx_word' id='word_1_54' title='bbox 915 898 1099 962; x_wconf 84' lang='lat' dir='ltr'>congruere</span> <span class='ocrx_word' id='word_1_55' title='bbox 1115 899 1192 943; x_wconf 89' lang='lat' dir='ltr'>con·</span> <span class='ocrx_word' id='word_1_56' title='bbox 1219 869 1368 986; x_wconf 47' lang='lat' dir='ltr'>mm</span> 
     </span>
     <span class='ocr_line' id='line_1_7' title="bbox 84 979 1319 1064; baseline 0.006 -23"><span class='ocrx_word' id='word_1_57' title='bbox 84 979 167 1043; x_wconf 88' lang='lat' dir='ltr'>siliis</span> <span class='ocrx_word' id='word_1_58' title='bbox 184 979 328 1058; x_wconf 76' lang='lat' dir='ltr'><strong>Nostris,</strong></span> <span class='ocrx_word' id='word_1_59' title='bbox 344 1001 430 1064; x_wconf 86' lang='lat' dir='ltr'>quae</span> <span class='ocrx_word' id='word_1_60' title='bbox 448 983 580 1063; x_wconf 89' lang='lat' dir='ltr'>saepius</span> <span class='ocrx_word' id='word_1_61' title='bbox 608 981 784 1058; x_wconf 88' lang='lat' dir='ltr'>edidimus,</span> <span class='ocrx_word' id='word_1_62' title='bbox 809 1001 885 1044; x_wconf 91' lang='lat' dir='ltr'>cum</span> <span class='ocrx_word' id='word_1_63' title='bbox 906 983 1080 1046; x_wconf 90' lang='lat' dir='ltr'>civitatum</span> <span class='ocrx_word' id='word_1_64' title='bbox 1103 983 1194 1046; x_wconf 92' lang='lat' dir='ltr'>bono</span> <span class='ocrx_word' id='word_1_65' title='bbox 1220 1002 1319 1050; x_wconf 66' lang='lat' dir='ltr'>votivae</span> 
     </span>
     <span class='ocr_line' id='line_1_8' title="bbox 83 1074 1352 1193; baseline 0.002 -48"><span class='ocrx_word' id='word_1_66' title='bbox 83 1091 118 1146; x_wconf 90' lang='lat' dir='ltr'>et</span> <span class='ocrx_word' id='word_1_67' title='bbox 136 1082 308 1147; x_wconf 89' lang='lat' dir='ltr'>Ecclesiae</span> <span class='ocrx_word' id='word_1_68' title='bbox 323 1085 489 1166; x_wconf 86' lang='lat' dir='ltr'>dignitate</span> <span class='ocrx_word' id='word_1_69' title='bbox 505 1084 700 1149; x_wconf 88' lang='lat' dir='ltr'>coniunctis.</span> <span class='ocrx_word' id='word_1_70' title='bbox 718 1084 780 1162; x_wconf 86' lang='lat' dir='ltr'>Ita,</span> <span class='ocrx_word' id='word_1_71' title='bbox 800 1083 917 1166; x_wconf 89' lang='lat' dir='ltr'>templi</span> <span class='ocrx_word' id='word_1_72' title='bbox 935 1084 1108 1149; x_wconf 87' lang='lat' dir='ltr'>renideute</span> <span class='ocrx_word' id='word_1_73' title='bbox 1123 1093 1195 1148; x_wconf 87' lang='lat' dir='ltr'>arte</span> <span class='ocrx_word' id='word_1_74' title='bbox 1215 1074 1352 1193; x_wconf 45' lang='lat' dir='ltr'>22⁰5?st</span> 
     </span>
     <span class='ocr_line' id='line_1_9' title="bbox 84 1187 1305 1276; baseline 0.004 -30"><span class='ocrx_word' id='word_1_75' title='bbox 84 1187 319 1270; x_wconf 88' lang='lat' dir='ltr'>renovatisque</span> <span class='ocrx_word' id='word_1_76' title='bbox 350 1189 517 1272; x_wconf 85' lang='lat' dir='ltr'>auspiciis,</span> <span class='ocrx_word' id='word_1_77' title='bbox 531 1189 706 1253; x_wconf 89' lang='lat' dir='ltr'>sublimius</span> <span class='ocrx_word' id='word_1_78' title='bbox 733 1189 766 1252; x_wconf 92' lang='lat' dir='ltr'>in</span> <span class='ocrx_word' id='word_1_79' title='bbox 791 1208 832 1252; x_wconf 91' lang='lat' dir='ltr'>eo</span> <span class='ocrx_word' id='word_1_80' title='bbox 855 1189 1025 1270; x_wconf 84' lang='lat' dir='ltr'>erigantur</span> <span class='ocrx_word' id='word_1_81' title='bbox 1056 1197 1195 1266; x_wconf 84' lang='lat' dir='ltr'>mentes,</span> <span class='ocrx_word' id='word_1_82' title='bbox 1220 1198 1305 1276; x_wconf 66' lang='lat' dir='ltr'>stiam]</span> 
     </span>
     <span class='ocr_line' id='line_1_10' title="bbox 84 1263 1313 1376; baseline 0.004 -24"><span class='ocrx_word' id='word_1_83' title='bbox 84 1287 335 1356; x_wconf 87' lang='lat' dir='ltr'>inflammentur</span> <span class='ocrx_word' id='word_1_84' title='bbox 355 1294 458 1357; x_wconf 87' lang='lat' dir='ltr'>animi</span> <span class='ocrx_word' id='word_1_85' title='bbox 478 1293 521 1356; x_wconf 85' lang='lat' dir='ltr'>a&#39;d</span> <span class='ocrx_word' id='word_1_86' title='bbox 538 1293 757 1357; x_wconf 88' lang='lat' dir='ltr'>insistendam</span> <span class='ocrx_word' id='word_1_87' title='bbox 775 1293 921 1357; x_wconf 83' lang='lat' dir='ltr'>iustitiae</span> <span class='ocrx_word' id='word_1_88' title='bbox 935 1303 967 1358; x_wconf 82' lang='lat' dir='ltr'>et</span> <span class='ocrx_word' id='word_1_89' title='bbox 976 1293 1072 1376; x_wconf 65' lang='lat' dir='ltr'>pacrr</span> <span class='ocrx_word' id='word_1_90' title='bbox 1094 1294 1193 1370; x_wconf 89' lang='lat' dir='ltr'>viam,</span> <span class='ocrx_word' id='word_1_91' title='bbox 1215 1263 1313 1327; x_wconf 50' lang='lat' dir='ltr'>mul*</span> 
     </span>
     <span class='ocr_line' id='line_1_11' title="bbox 85 1394 1194 1481; baseline 0.005 -25"><span class='ocrx_word' id='word_1_92' title='bbox 85 1411 154 1475; x_wconf 87' lang='lat' dir='ltr'>qua</span> <span class='ocrx_word' id='word_1_93' title='bbox 169 1394 282 1460; x_wconf 90' lang='lat' dir='ltr'>exitus</span> <span class='ocrx_word' id='word_1_94' title='bbox 294 1405 387 1478; x_wconf 90' lang='lat' dir='ltr'>patet</span> <span class='ocrx_word' id='word_1_95' title='bbox 403 1397 486 1460; x_wconf 86' lang='lat' dir='ltr'>felix</span> <span class='ocrx_word' id='word_1_96' title='bbox 499 1399 532 1460; x_wconf 92' lang='lat' dir='ltr'>in</span> <span class='ocrx_word' id='word_1_97' title='bbox 546 1397 686 1462; x_wconf 85' lang='lat' dir='ltr'>caelum.</span> <span class='ocrx_word' id='word_1_98' title='bbox 702 1433 746 1447; x_wconf 90' lang='lat'>—</span> <span class='ocrx_word' id='word_1_99' title='bbox 758 1396 896 1480; x_wconf 88' lang='lat' dir='ltr'>Coeptis</span> <span class='ocrx_word' id='word_1_100' title='bbox 905 1399 1061 1481; x_wconf 93' lang='lat' dir='ltr'>votisque</span> <span class='ocrx_word' id='word_1_101' title='bbox 1071 1399 1194 1480; x_wconf 89' lang='lat' dir='ltr'>aspiret</span> 
     </span>
     <span class='ocr_line' id='line_1_12' title="bbox 85 1495 1196 1592; baseline 0.004 -33"><span class='ocrx_word' id='word_1_102' title='bbox 85 1495 191 1576; x_wconf 89' lang='lat' dir='ltr'>Deus,</span> <span class='ocrx_word' id='word_1_103' title='bbox 206 1498 300 1563; x_wconf 89' lang='lat' dir='ltr'>cuius</span> <span class='ocrx_word' id='word_1_104' title='bbox 316 1500 592 1592; x_wconf 84' lang='lat' dir='ltr'>benignissimam</span> <span class='ocrx_word' id='word_1_105' title='bbox 609 1521 708 1584; x_wconf 89' lang='lat' dir='ltr'>opem</span> <span class='ocrx_word' id='word_1_106' title='bbox 725 1502 865 1584; x_wconf 85' lang='lat' dir='ltr'>singulis</span> <span class='ocrx_word' id='word_1_107' title='bbox 882 1501 985 1580; x_wconf 90' lang='lat' dir='ltr'>vobis,</span> <span class='ocrx_word' id='word_1_108' title='bbox 997 1500 1196 1582; x_wconf 78' lang='lat' dir='ltr'>dilecri&#39;fitit,</span> 
     </span>
     <span class='ocr_line' id='line_1_13' title="bbox 85 1603 1196 1690; baseline 0.009 -25"><span class='ocrx_word' id='word_1_109' title='bbox 85 1620 147 1685; x_wconf 90' lang='lat' dir='ltr'>per</span> <span class='ocrx_word' id='word_1_110' title='bbox 159 1603 394 1685; x_wconf 87' lang='lat' dir='ltr'>Apostolicam</span> <span class='ocrx_word' id='word_1_111' title='bbox 411 1605 692 1685; x_wconf 89' lang='lat' dir='ltr'>benedictionem,</span> <span class='ocrx_word' id='word_1_112' title='bbox 705 1618 846 1690; x_wconf 88' lang='lat' dir='ltr'>paterno</span> <span class='ocrx_word' id='word_1_113' title='bbox 857 1608 972 1671; x_wconf 90' lang='lat' dir='ltr'>animo</span> <span class='ocrx_word' id='word_1_114' title='bbox 983 1617 1196 1690; x_wconf 87' lang='lat' dir='ltr'>exoptamus.</span> 
     </span>
    </p>

    <p class='ocr_par' dir='ltr' id='par_1_3' title="bbox 131 1706 1197 1794">
     <span class='ocr_line' id='line_1_14' title="bbox 131 1706 1197 1794; baseline 0.003 -23"><span class='ocrx_word' id='word_1_115' title='bbox 131 1706 261 1773; x_wconf 90' lang='lat' dir='ltr'>Datum</span> <span class='ocrx_word' id='word_1_116' title='bbox 274 1709 503 1794; x_wconf 87' lang='lat' dir='ltr'>Romaeapud</span> <span class='ocrx_word' id='word_1_117' title='bbox 515 1711 550 1778; x_wconf 86' lang='lat' dir='ltr'>S.</span> <span class='ocrx_word' id='word_1_118' title='bbox 561 1712 697 1777; x_wconf 88' lang='lat' dir='ltr'>Petrum</span> <span class='ocrx_word' id='word_1_119' title='bbox 714 1713 768 1776; x_wconf 89' lang='lat' dir='ltr'>die</span> <span class='ocrx_word' id='word_1_120' title='bbox 779 1727 851 1776; x_wconf 82' lang='lat' dir='ltr'>xm</span> <span class='ocrx_word' id='word_1_121' title='bbox 869 1713 957 1776; x_wconf 90' lang='lat' dir='ltr'>Iunii</span> <span class='ocrx_word' id='word_1_122' title='bbox 974 1723 1197 1788; x_wconf 74' lang='lat' dir='ltr'>Mocccxcw,</span> 
     </span>
    </p>
   </div>
   <div class='ocr_carea' id='block_1_3' title="bbox 88 1810 859 1899">
    <p class='ocr_par' dir='ltr' id='par_1_4' title="bbox 88 1810 859 1899">
     <span class='ocr_line' id='line_1_15' title="bbox 88 1810 859 1899; baseline 0.006 -26"><span class='ocrx_word' id='word_1_123' title='bbox 88 1810 310 1877; x_wconf 89' lang='lat' dir='ltr'>Pontificatus</span> <span class='ocrx_word' id='word_1_124' title='bbox 321 1813 437 1878; x_wconf 87' lang='lat' dir='ltr'>Nostri</span> <span class='ocrx_word' id='word_1_125' title='bbox 453 1835 543 1880; x_wconf 89' lang='lat' dir='ltr'>anuo</span> <span class='ocrx_word' id='word_1_126' title='bbox 558 1815 691 1880; x_wconf 88' lang='lat' dir='ltr'>decimo</span> <span class='ocrx_word' id='word_1_127' title='bbox 706 1815 859 1899; x_wconf 89' lang='lat' dir='ltr'>septimo.</span> 
     </span>
    </p>
   </div>
   <div class='ocr_carea' id='block_1_4' title="bbox 770 1979 1167 2076">
    <p class='ocr_par' dir='ltr' id='par_1_5' title="bbox 770 1979 1167 2076">
     <span class='ocr_line' id='line_1_16' title="bbox 770 1979 1167 2076; baseline -0.005 -31"><span class='ocrx_word' id='word_1_128' title='bbox 770 1979 1067 2046; x_wconf 80' lang='lat' dir='ltr'>LEOPP.X111.</span> <span class='ocrx_word' id='word_1_129' title='bbox 1166 2071 1167 2076; x_wconf 8' lang='grc' dir='ltr'><strong><em>Ν</em></strong></span> 
     </span>
    </p>
   </div>
   <div class='ocr_carea' id='block_1_5' title="bbox 0 0 1616 4880">
    <p class='ocr_par' dir='ltr' id='par_1_6' title="bbox 0 0 1616 4880">
     <span class='ocr_line' id='line_1_17' title="bbox 0 0 1616 4880; baseline 0 0"><span class='ocrx_word' id='word_1_130' title='bbox 0 0 1616 4880; x_wconf 95' lang='lat' dir='ltr'> </span> 
     </span>
    </p>
   </div>
  </div>
 </body>
</html>
