3250 4888
403 305 473 372 140
526 301 716 352 cirratas
734 299 989 350 apostoncae
1011 288 1031 315 “
1051 301 1281 352 calvissius
1300 303 1386 354 uos.
1407 280 1425 304 '¹

226 475 253 516 1⁰
265 467 325 519 Ναη
336 471 371 515 ert
397 456 534 518 eaedem
550 455 661 534 potius
674 452 800 517 firmius
814 455 1008 519 consistant.
1024 454 1201 537 Quaedam
1215 457 1386 518 enimvero
1405 456 1510 520 libera

247 532 370 662 {lew
397 561 495 621 datur
517 557 668 633 facultas,
681 559 798 640 prima,
814 560 847 620 si
860 559 991 638 quando
1007 559 1060 622 vel
1071 559 1228 640 ambigua
1236 559 1350 638 fuerit
1366 560 1402 624 S.
1426 559 1459 622 Τ
1455 559 1510 622 ho-

250 664 331 740 reruni
348 663 371 710 st
397 683 469 726 mae
487 661 656 738 sententia,
672 661 726 724 vel
743 661 779 723 in
805 661 1112 743 inquinationibus,
1128 684 1211 746 quas
1228 662 1264 727 S.
1286 663 1428 726 Thomas
1444 687 1509 726 non

251 729 371 858 “ziff-
396 767 533 848 attingit
549 764 610 846 (¹):
627 766 660 827 in
677 765 798 846 quibus
825 785 905 846 ergo
930 769 1185 848 quaestionibus
1210 769 1254 829 ab
1271 767 1329 830 illo
1355 769 1510 832 tractatis

217 873 273 922 “80
284 861 309 908 Μ’
320 875 370 906 '¹⁰¹²
397 871 563 932 sententia
579 871 650 931 eius
665 869 814 930 dilucida
830 881 991 950 emergat,
1008 890 1049 932 ne
1066 871 1097 932 in
1120 871 1192 933 istis
1208 869 1346 953 quidem
1365 870 1508 934 liberum

247 926 370 1052 hiihlila'
396 985 446 1037 est
463 973 505 1036 ab
527 974 601 1056 ipso
618 972 803 1036 deflectere.
826 1011 869 1020 -
888 973 954 1036 Hic
978 984 1093 1037 tamen
1115 975 1190 1037 illas
1207 995 1363 1037 revocare
1389 976 1510 1038 iuverit

324 1061 367 1102 est.
397 1077 513 1158 plenas
529 1075 651 1138 -iudicii
677 1075 859 1150 cautiones,
886 1096 905 1137 a
935 1077 970 1140 P.
991 1076 1027 1141 C.
1052 1077 1231 1160 Aquaviva
1254 1080 1373 1141 datas:
1396 1077 1511 1158 Neque

265 1221 371 1268 Monuit
395 1201 471 1243 vero
485 1179 568 1242 satus
583 1187 632 1240 est
642 1177 729 1240 binis
742 1179 795 1240 ael
804 1178 907 1240 ternis
922 1179 999 1244 locis
1016 1181 1081 1242 niti
1094 1181 1237 1260 sparsim
1252 1180 1397 1254 collectis,
1409 1191 1442 1243 et
1448 1191 1513 1262 per

217 1286 366 1362 aaronem
394 1283 634 1366 consequentias
645 1291 705 1343 aut
722 1281 987 1357 inconvenientia,
1008 1285 1062 1345 uel
1072 1305 1143 1346 cnm
1161 1283 1316 1346 uiolentia
1330 1283 1509 1360 adductis,·

218 1353 370 1480 „igzffl
395 1389 493 1470 quasi
516 1387 709 1450 credendum
725 1388 770 1448 sit
784 1409 854 1450 eam
878 1410 944 1452 esse
968 1377 1148 1470 opinionem
1177 1389 1296 1453 Sancti
1328 1389 1412 1467 Viri,
1428 1391 1508 1471 quia

217 1482 370 1596 utqqruteqs
396 1493 489 1554 illam
504 1491 793 1574 quomodocumque
806 1493 1024 1556 innuitaliaa'
1031 1515 1131 1576 agens
1147 1493 1182 1556 in
1199 1493 1267 1556 illis
1281 1493 1365 1558 locis.
1386 1494 1507 1558 Verum

266 1556 370 1660 sichaei
397 1617 514 1660 necesse
538 1606 586 1659 est
609 1595 726 1672 m’dere,
751 1595 833 1676 quid
853 1599 982 1673 sentiat,
1008 1599 1065 1661 ribi
1085 1620 1125 1661 en
1139 1599 1287 1680 professo
1313 1597 1353 1660 ia’
1371 1600 1453 1680 agit,
1477 1610 1509 1662 et

216 1679 369 1792 gssbgifugff
395 1711 515 1766 attente
544 1701 725 1781 expendere,
755 1701 935 1782 quidquam
975 1701 1180 1764 cohaerenter
1214 1703 1269 1765 uel
1301 1702 1511 1767 dissonanter

232 1809 369 1885 ctoris'sen-
395 1804 611 1887 offerateum
639 1803 761 1884 reliquo
787 1815 913 1884 corpore
939 1805 1106 1867 doctrinae
1121 1805 1182 1886 (2):
1207 1805 1334 1868 scilicet
1363 1825 1405 1868 ne
1433 1807 1509 1888 quis

249 1877 365 1923 tentiam.
396 1908 488 1970 vanis
502 1907 629 1970 artibus
646 1909 848 1988 persuadeat
865 1908 927 1970 sibi
944 1911 1147 1971 sententiam
1167 1909 1323 1990 Angelici
1340 1911 1508 1991 ambigui-

241 2037 368 2100 acquae·
396 2013 457 2076 tati
474 2021 597 2094 patere.
615 2012 668 2074 De
688 2013 943 2093 quaestionibus
961 2026 1073 2076 autem
1091 2034 1174 2095 quas
1196 2015 1252 2076 ille
1277 2013 1419 2078 fortasse
1438 2035 1505 2078 non

259 2103 370 2230 ᾳὲῗξηὲῖ
395 2117 516 2196 attigit,
541 2115 704 2196 principia
721 2126 754 2177 et
777 2117 889 2197 capita
906 2117 1079 2179 doctrinae
1107 2119 1177 2180 eius
1206 2119 1340 2198 penitus
1366 2121 1506 2200 cognita

263 2233 369 2282 Tuonras
395 2221 461 2282 sint
478 2229 620 2299 oportet,
640 2239 682 2280 ne
707 2239 794 2300 quae
821 2205 1004 2282 reddantur
1033 2241 1192 2302 responsa
1218 2221 1285 2283 ullo
1313 2224 1416 2286 modo
1442 2243 1504 2306 pu·

213 2300 368 2424 dms
394 2332 498 2405 gnent
514 2343 589 2383 curn
609 2321 691 2384 illis:
708 2331 853 2403 apteque
878 2322 931 2385 hic
958 2323 1084 2386 faciunt
1108 2344 1194 2405 quae
1219 2326 1348 2386 censuit
1373 2346 1413 2388 ea
1430 2325 1503 2408 ipsa

237 2429 370 2477 sadonem
396 2427 622 2508 Congregatio
648 2440 753 2502 XXIII,
769 2427 852 2489 serio
868 2428 1040 2490 monendos
1062 2449 1127 2490 esse
1150 2437 1276 2490 nostros
1300 2439 1371 2490 tum
1386 2429 1502 2494 theolo-

243 2501 368 2543 consenta-
426 2533 430 2544 .
630 2530 636 2542 .
752 2531 757 2543 .
1236 2533 1241 2544 .
1362 2529 1367 2536 -
1480 2536 1487 2546 .

246 2561 367 2623 „ms-u„
389 2553 467 2614 gtue
483 2540 553 2592 turn
572 2529 793 2611 philosophiae
810 2534 1009 2611 profhssores
1032 2543 1063 2594 ct
1086 2531 1297 2608 scholasticos,
1314 2553 1353 2594 ne
1369 2545 1503 2615 proprio

215 2623 367 2753 3⁵:52·
395 2633 513 2697 iudicio
530 2634 671 2695 nimium
682 2633 826 2715 fidentes
842 2656 942 2697 rtouas
962 2657 983 2698 a
998 2657 1032 2697 se
1045 2645 1206 2718 conceptas
1222 2637 1504 2719 interpretationes

235 2762 276 2802 rus
288 2757 367 2818 cogni.
387 2749 449 2818 pro
464 2757 542 2799 ocra
561 2757 785 2818 germanaque
802 2737 837 2800 S.
860 2737 891 2798 Τ
887 2738 1001 2800 homae
1015 2739 1164 2800 doctrina
1184 2749 1299 2801 temere
1313 2749 1375 2801 aut
1396 2739 1502 2802 incon-

225 2887 252 2932 2⁰
263 2822 370 2936 Nonii}
393 2842 476 2904 sulte
502 2839 705 2921 tradant().
733 2878 776 2888 -
804 2840 931 2905 Similis
960 2843 1092 2905 videtur
1120 2843 1224 2905 libera
1251 2842 1322 2906 dari
1351 2843 1504 2918 facultas,

214 2949 242 2999 S.
261 2949 368 3000 Thomas
394 2946 550 3018 secundo,
567 2943 601 3005 iu
617 2944 859 3025 quaestiouibus
875 2966 959 3007 inere
964 2945 1202 3027 philosophicis,
1218 2948 1393 3010 autetiam
1409 2948 1443 3010 iu
1459 2949 1505 3012 iis

231 3017 369 3145 ffffeffi
393 3069 474 3131 quae
488 3047 536 3109 acl
556 3045 748 3127 Scripturas
770 3057 802 3111 et
822 3050 870 3110 ad
884 3048 1028 3113 Canones
1043 3051 1213 3130 pertinent
1235 3049 1288 3132 (4).
1311 3051 1450 3124 Verum,
1466 3063 1503 3114 ut

215 3147 368 3274 messsq‘qus
393 3143 520 3216 ceteras
549 3152 731 3230 mittamus,
748 3153 859 3233 palam
878 3163 928 3216 est
957 3157 1171 3234 quaestiones
1198 3155 1459 3238 philosophicas,
1476 3156 1503 3217 si

251 3277 364 3340 sophicis.
394 3277 459 3337 qua
475 3255 604 3318 ratione
621 3257 661 3318 ad
690 3257 895 3338 theologiam
923 3257 1099 3335 attineant,
1124 3259 1167 3322 ab
1192 3280 1232 3321 ea
1257 3260 1405 3323 dimotas
1430 3279 1503 3322 esse

242 3341 367 3436 Hoeven
392 3359 572 3436 facultate;
597 3378 705 3440 neque
732 3359 818 3421 adeo
844 3361 967 3422 multas
993 3363 1082 3441 apud
1110 3359 1143 3425 S.
1164 3361 1330 3424 Thomam
1358 3363 1504 3444 reperire

214 3413 368 3537 alchimi
393 3463 515 3539 licebit,
530 3483 614 3545 quas
630 3481 697 3524 uon
715 3463 770 3524 ille
786 3464 828 3526 ad
846 3463 1053 3545 theologiam
1072 3465 1229 3528 retulerit.
1248 3465 1286 3527 ln
1305 3465 1385 3548 ipsis
1403 3487 1504 3547 porro

238 3542 366 3602 reperiun-

312 3612 364 3654 rur.
392 3566 644 3649 quaestionibus
671 3587 756 3627 mere
775 3565 1013 3648 philosophicis,
1037 3568 1104 3630 duo
1125 3577 1316 3650 opportune
1345 3569 1503 3634 incidunt

222 3737 226 3746 ,
261 3670 307 3746 'tn
326 3671 367 3719 tis
393 3670 626 3736 admonenda:
643 3670 795 3746 alterum,
811 3679 848 3732 ut
865 3670 900 3733 in
925 3669 1019 3732 rebus
1034 3670 1176 3733 alicuius
1194 3672 1349 3734 nconrenti
1362 3671 1405 3734 ah
1420 3671 1503 3734 Art-

214 3743 365 3850 Ἢξζῖ
390 3773 498 3835 stotclc
513 3771 556 3854 (⁵)
572 3772 773 3853 (eidemque
791 3774 833 3835 de
849 3793 1000 3835 caussaa
1022 3772 1054 3837 S.
1072 3772 1221 3856 Thoma)
1238 3796 1301 3836 iton
1327 3775 1503 3851 recedant,-

214 3869 253 3980 ’ᾗ
267 3867 367 3980 ἔξ·ἑὲ
391 3897 435 3941 ex
452 3898 519 3960 quo
536 3878 639 3940 libera
655 3878 810 3960 cuiquam
829 3898 895 3940 non
918 3879 978 3940 erit
1001 3878 1142 3941 facultas
1160 3880 1222 3942 nisi
1239 3880 1272 3942 in
1292 3881 1392 3943 rebus
1409 3883 1504 3962 parvi

215 4013 303 4112 niihlis
315 4013 365 4112 quq}
421 4067 440 4098 1·
461 4053 557 4111 Cutem,
571 4053 633 4097 decr.
647 4067 684 4108 41,

206 4129 363 4194 fundamen.
420 4134 439 4164 2.
459 4121 496 4164 De
506 4121 628 4165 soliditate
637 4124 659 4164 et
671 4119 841 4178 urrisormitatc
854 4119 985 4170 doctrinae,
998 4134 1027 4178 24
1038 4119 1094 4164 maii
1107 4121 1171 4165 1611,

235 4202 291 4244 tum
303 4195 364 4243 alio·
420 4202 440 4245 3·
461 4187 531 4231 Decr.
548 4190 580 4232 ιθ.

294 4276 361 4310 rum.
419 4269 440 4311 4·
461 4255 557 4314 Congu..
572 4265 595 4299 v.
609 4255 671 4300 decr.
687 4257 722 4313 5⁶·

421 4337 439 4383 5.
462 4323 503 4372 lh..
518 4323 579 4367 decr.
595 4337 630 4379 41.
