3250 4888
424 299 471 369 92
670 296 962 350 INDULGENTIAE
990 298 1038 348 ET
1064 299 1283 355 PRIVILEGIA

571 445 659 510 Item
675 444 793 508 diebus
809 443 903 508 lestis

489 559 544 612 110
558 547 592 614 S.
611 548 733 632 Ioseph
753 547 878 631 Sp'onsi
892 550 929 616 Β.
942 551 989 616 Μ.
999 551 1041 622 V.
1057 552 1112 615 die
1128 552 1382 636 undevigesima
1398 553 1520 616 mensis

594 651 717 718 Martii.

488 767 543 818 120
559 756 740 821 Patrocinii
764 757 923 836 eiusdem,
940 757 1122 826 Dominica
1135 763 1234 826 tertia
1247 771 1324 844 post
1340 759 1480 827 Pascha.

487 871 543 941 13⁰
559 859 839 942 Desponsationis
860 863 896 928 B.
913 865 960 928 M.
979 863 1021 929 V.
1038 865 1093 930 die
1106 865 1268 950 vigesima
1285 866 1384 930 tertia
1401 865 1523 930 mensis

595 964 750 1029 Ianuarii.

465 1085 526 1151 IV.
540 1085 605 1150 Die
618 1085 703 1151 festo
716 1086 843 1152 titulari
859 1087 1033 1152 universae
1050 1087 1328 1154 Consociationis.

485 1207 528 1274 V.
539 1209 605 1272 Die
617 1229 675 1290 per
696 1227 826 1272 menses
842 1209 991 1292 singulos
1007 1209 1172 1274 sodalium
1195 1210 1333 1274 arbitrio
1349 1210 1525 1292 eligendo;

419 1311 606 1378 dummodo
623 1331 738 1377 mense
753 1313 828 1396 ipso
843 1313 876 1376 in
894 1313 1028 1378 familiis
1041 1313 1261 1398 praescriptas
1278 1333 1393 1396 preces
1409 1333 1522 1378 coram

420 1415 543 1483 Sacrae
560 1415 723 1482 Familiae
746 1417 892 1500 imagine
908 1439 974 1484 una
991 1419 1089 1484 simul
1106 1417 1327 1484 recitaverint.

462 1537 524 1601 VI.
541 1537 712 1602 Morituris
727 1537 765 1617 si,
780 1557 847 1602 non
863 1548 1038 1622 compotes
1065 1558 1158 1604 sacra
1175 1537 1397 1604 Confessione
1420 1549 1521 1623 atque

420 1640 642 1720 Eucharistia,
657 1643 761 1706 animi
788 1643 904 1707 dolore
934 1643 1050 1726 culpas
1075 1643 1295 1724 expiaverint,
1310 1653 1344 1708 et
1369 1654 1523 1708 sanctum

419 1764 544 1810 nomen
563 1744 638 1810 Iesu
651 1755 709 1810 aut
725 1765 815 1825 voce,
831 1757 889 1811 aut
904 1748 932 1810 si
945 1747 1036 1830 loqui
1057 1766 1156 1829 posse
1172 1746 1341 1825 desierint,
1351 1747 1525 1814 voluntate

419 1847 679 1932 imploraverint.

879 1939 1069 1998 PartlaleS.

967 2069 992 2134 l.

424 2186 640 2363 SODALES
671 2190 939 2258 consociationis
965 2191 1089 2258 Sacrae
1117 2191 1281 2258 Familiae
1306 2215 1351 2258 ex
1375 2205 1518 2277 utroque

514 2314 599 2358 sexu
616 2295 748 2380 singuli,
771 2295 829 2379 qui
851 2297 952 2360 corde
982 2296 1101 2360 saltem
1126 2299 1261 2362 contriti
1288 2297 1519 2362 Parochialem

420 2395 618 2476 Ecclesiam,
632 2399 666 2464 in
683 2417 749 2481 qua
771 2411 822 2464 est
846 2401 941 2464 sedes
957 2397 1224 2466 consociationis
1252 2403 1447 2478 constituta,
1471 2399 1521 2465 vel

418 2498 555 2582 aliquod
571 2501 735 2584 templum
748 2506 971 2570 sacrariumve
980 2504 1230 2583 celebraverint,
1242 2505 1385 2589 Deoque
1398 2525 1461 2588 pro
1477 2506 1521 2569 rei

418 2603 619 2669 christianae
643 2605 874 2672 incolumitate
901 2608 1170 2691 supplicaverint,
1187 2607 1306 2672 lucrari
1334 2611 1469 2690 possint
1491 2615 1523 2672 et

418 2707 553 2774 valeant
569 2710 726 2794 partiales
743 2711 970 2796 indulgentias
986 2722 1115 2795 septem
1133 2733 1297 2778 annorum
1314 2714 1526 2796 totidemque

420 2814 713 2897 quadragenarum

510 2935 544 2987 1⁰
559 2923 625 2988 Die
649 2925 863 2992 Visitationis

505 3039 541 3095 20
557 3026 623 3092 Die
648 3031 934 3096 Praesentationis
992 3032 1027 3096 Β.
1045 3033 1090 3098 Μ.
1111 3031 1156 3100 V.

505 3109 623 3217 tome
654 3135 833 3198 patrocinii
1105 3218 1108 3231 .

433 3305 435 3310 .
502 3257 542 3328 4⁰
558 3245 720 3332 Quolibet
743 3246 798 3309 die
822 3243 923 3309 iidem
949 3244 1082 3310 sodales
1108 3267 1174 3311 una
1200 3247 1300 3311 simul
1329 3247 1522 3332 inpropriis

591 3343 726 3410 familiis
738 3345 915 3432 adscriptis
926 3349 1131 3432 congregati,
1147 3361 1226 3416 ante
1254 3351 1437 3436 imaginem
1460 3352 1520 3418 Sa·

592 3469 667 3514 crae
684 3448 846 3515 Familiae
869 3461 974 3516 statas
990 3471 1105 3535 preces
1121 3455 1223 3520 corde
1244 3457 1390 3520 contrito
1405 3456 1524 3522 recita-

593 3553 709 3619 verint.
771 3567 795 3615 '.
921 3539 924 3546 ¹

507 3671 543 3741 50
559 3659 698 3734 Diebus,
725 3657 845 3743 quibus
889 3659 1021 3724 sodales
1048 3661 1258 3728 interfuerint
1300 3664 1523 3729 conventibus

592 3783 677 3846 quos
691 3761 808 3826 haberi
824 3762 1011 3846 contigerit.

430 3972 573 4147 IIDEM
589 3971 721 4037 sodales
746 3884 995 4054 indulgentiaIsL
1004 3971 1172 4039 lucrentur
1200 3985 1425 4040 trecentorum
1455 3975 1524 4040 die·

497 4098 570 4144 rum
584 4077 715 4161 quoties
738 4077 838 4142 corde
854 4076 996 4140 contrito
1021 4087 1216 4160 sequentem
1230 4075 1429 4144 Orationem
1446 4089 1525 4144 ante

419 4184 602 4267 imaginem
626 4181 750 4248 Sacrae
777 4177 940 4244 Familiae
969 4200 1183 4266 quocumque
1213 4183 1375 4247 idiomate
1405 4185 1523 4250 recita-

419 4288 536 4355 verint.
