3250 4888
137 278 401 351 3,''·,.1.·.,'.†..':..':‡:
413 282 465 349 ’1251
479 298 512 349 .’.τ;
524 280 765 350 1³:37.‚1't..·}·;:‘:.t·;.·.·lt
1038 280 1243 351 ῑεςςῑτῖῑῃῐζιῑεῖ·

148 442 183 579 353,
288 437 616 518 LITTERAE
657 434 1102 518 APOSTOLICAE

30 581 32 606 ³
143 584 255 708 fiius
280 628 641 689 lnouuesnuus
670 629 1053 690 ETPRIV1LEG11S
1081 631 1194 690 pras

143 764 174 903 {3
239 795 653 860 consocmrroms
680 800 712 857 n
737 798 891 860 siena
918 799 1140 862 sauram.

324 1082 409 1135 UUM
441 1089 547 1150 nuper
574 1067 681 1132 Nobis
706 1066 891 1150 obtigisset,
928 1077 963 1132 ut
990 1089 1076 1133 nova
1109 1069 1246 1136 Statuta
1334 1091 1365 1126 20

128 1063 323 1442 {U}
344 1172 612 1238 Consociationis
633 1171 756 1238 Sacrae
773 1171 938 1236 Familiae
954 1172 1173 1256 Apostolicis¹
1194 1175 1245 1242 lit·
1300 1137 1395 1254 'rw

342 1277 423 1341 teris
453 1276 671 1360 probaremus
695 1285 730 1340 et
755 1268 969 1356 sanciremus,
1002 1279 1082 1344 satis
1116 1282 1244 1344 muneri

343 1389 445 1462 atque
474 1377 584 1444 officio
602 1378 729 1442 Nostro
752 1377 898 1444 facturos
926 1400 999 1444 esse
1021 1381 1194 1461 duximus,
1219 1384 1246 1447 si
1272 1355 1425 1485 pssjssffl

130 1485 290 1550 eamdem
303 1483 596 1550 Consociationem
612 1482 829 1564 amplissimis
841 1483 953 1548 verbis
967 1483 1246 1568 collaudaremus,
1272 1501 1296 1534 ⁵0
1307 1493 1388 1550 ”viu

129 1609 276 1674 eamque
300 1589 490 1653 christianis
516 1585 649 1652 familiis
675 1606 889 1670 summopere
919 1590 1244 1659 commendaremus.
1262 1551 1404 1679 imita.

129 1693 364 1760 Laudavimus
380 1702 504 1770 autem,
514 1701 548 1756 et
563 1690 875 1754 commendavimus
892 1710 931 1754 ea
941 1687 1117 1756 voluntate
1134 1714 1242 1777 eoque
1269 1681 1422 1796 appeara-

126 1798 316 1882 proposito,
331 1798 380 1861 utx
400 1796 558 1859 nimirum
585 1793 729 1877 populus
745 1793 956 1872 christianus,
983 1796 1076 1859 cuius
1101 1807 1240 1864 aeterna
1267 1763 1421 1890 daemo-

125 1903 220 1968 salus
247 1911 299 1966 est
314 1901 423 1965 Nobis
448 1899 637 1973 commissa,
649 1897 692 1960 ad
708 1895 963 1962 christianarum
988 1899 1149 1966 virtutum
1169 1901 1240 1966 lau·
1267 1878 1419 2008 fflff’m

124 2009 207 2072 dem
225 2003 386 2087 exemplo
406 2021 521 2067 sacrae
537 2001 700 2066 Familiae
727 2010 761 2064 et
786 2001 986 2067 invitatione
1001 2003 1128 2068 Nostra
1156 2015 1239 2070 tem·
1266 2008 1393 2085 trisprae-

128 2109 262 2194 pestive
278 2115 496 2172 revocaretur.
507 2105 834 2189 christianaquippe
851 2105 956 2170 virtus
966 2116 1036 2171 tam
1050 2118 1101 2172 est
1111 2107 1240 2188 efficax,
1262 2079 1418 2202 ἕπῃ

128 2223 334 2296 tantumque
350 2210 462 2294 pollet,
478 2221 515 2274 ut
531 2211 564 2274 in
582 2229 621 2272 ea
638 2229 797 2292 magnam
820 2218 951 2293 partem
978 2211 1089 2294 posita
1118 2213 1161 2277 sit
1189 2215 1240 2277 vel
1266 2211 1379 2281 ‘lim'

129 2316 266 2382 sanatio
282 2313 456 2390 malorum,
470 2333 557 2396 quae
573 2323 738 2398 premunt,
753 2314 804 2377 vel
830 2313 984 2396 depulsio
1009 2316 1242 2397 periculorum,
1266 2285 1371 2382 dms
1383 2349 1418 2384 os·

129 2440 220 2504 quae
257 2427 460 2483 metuuntur.
491 2417 549 2482 Ad
583 2418 741 2482 virtutem
769 2437 849 2482 vero
880 2415 1018 2482 mirifice
1048 2420 1241 2485 excitantur
1266 2400 1355 2450 '‘m'‘

130 2525 289 2590 homines
309 2521 488 2605 exemplo:
511 2522 602 2604 quod
626 2522 763 2602 quidem
787 2541 829 2584 eo
854 2521 962 2604 magis
979 2521 1168 2588 imitatione
1192 2527 1240 2589 di·

129 2649 238 2712 gnum
254 2627 428 2704 iudicatur,
444 2645 510 2708 quo
526 2625 688 2706 integrior
702 2635 735 2689 et
751 2624 898 2690 sanctior
911 2635 961 2689 est
981 2646 1132 2709 persona,
1152 2630 1241 2692 unde

129 2733 267 2816 petitur.
278 2729 392 2814 Quare
408 2729 498 2794 haud
511 2727 632 2792 mimm
648 2738 699 2792 est
716 2727 743 2790 si
761 2725 843 2808 Nos,
854 2729 912 2811 qui
925 2728 1007 2792 nihil
1023 2730 1132 2813 magis
1148 2732 1239 2813 cupi·

130 2855 208 2899 mus
223 2843 325 2918 atque
348 2843 515 2917 optamus,
525 2851 626 2915 quam
651 2851 760 2915 posse,
782 2833 934 2896 excitata
964 2831 1089 2916 ubique
1116 2835 1241 2900 virtute

128 2937 323 3016 christiana,
338 2936 569 3020 praesentibus
586 2934 683 2999 malis
707 2935 844 3012 mederi,
861 2945 894 2998 et
910 2935 1067 3018 proxima
1093 2939 1240 3020 pericula

127 3040 312 3123 deprecari,
328 3039 623 3106 Consociationem
640 3037 764 3104 Sacrae
781 3039 945 3106 Familiae
958 3040 1120 3124 singulari
1137 3043 1237 3108 bene·

125 3144 280 3209 volentia
305 3153 340 3208 et
364 3143 478 3208 studio
504 3142 745 3225 prosequimur,
770 3153 887 3226 utpote
910 3165 997 3227 quae
1024 3148 1237 3212 sanctitatem

125 3249 265 3313 divinae
279 3247 367 3313 illius
382 3247 544 3311 Familiae
559 3246 622 3310 sibi
636 3247 793 3330 proponit
804 3249 988 3330 exemplar.
1006 3251 1135 3317 Omnes
1148 3253 1237 3316 enim
1260 3255 1268 3266 “

124 3353 160 3431 ii,
176 3352 236 3436 qui
251 3353 284 3416 in
300 3350 494 3416 huiusmodi
505 3349 800 3416 Consociationem
814 3349 933 3415 adsciti
946 3363 1034 3430 sunt,
1045 3353 1238 3434 praeclaris·

124 3457 233 3520 simas
249 3456 337 3533 Iesu,
355 3455 485 3519 Mariae
500 3463 534 3518 et
556 3453 681 3536 Ioseph
709 3457 849 3520 virtutes
876 3455 1154 3536 contemplantes,
1182 3479 1237 3520 ne-

124 3583 224 3628 cesse
239 3569 343 3628 estut
357 3560 614 3628 similitudinem
626 3581 740 3625 earum
751 3561 898 3642 aliquam
911 3558 1091 3642 adripiant,
1101 3559 1237 3645 fierique

123 3665 289 3729 studeant
307 3665 496 3730 imitatione
514 3663 676 3728 meliores.
694 3663 807 3748 Quare
823 3667 934 3748 vigeat
951 3662 1136 3748 floreatque
1153 3666 1237 3732 haec

123 3769 185 3854 pia
198 3767 413 3834 Consociatio
422 3789 527 3853 quum
539 3769 705 3834 sodalium
719 3789 868 3846 numero,
878 3778 950 3834 tum
967 3779 1057 3833 recte
1072 3768 1236 3835 factorum

122 3872 230 3938 laude
243 3893 253 3952 ;
267 3884 430 3957 augeatur
445 3882 481 3938 et
495 3874 539 3938 ad
556 3872 667 3956 plures
695 3872 729 3936 in
751 3874 823 3938 dies
839 3871 990 3954 singulos
1006 3883 1211 3956 propagetur
1229 3899 1237 3940 :

123 3996 168 4040 ea
192 3975 284 4068 enim
307 3975 455 4056 florente,
482 3973 579 4040 lacile
606 3973 699 4054 fides,
717 3975 834 4058 pietas,
850 3987 884 4040 et
913 3977 1023 4040 omnis
1054 3978 1237 4044 christiana
1270 3970 1414 4084 ,βίω

122 4078 204 4142 laus
224 4076 258 4141 in
286 4079 420 4144 familiis
443 4079 652 4144 revirescent.
668 4077 782 4162 Quum
813 4099 891 4144 vero
921 4079 1052 4144 soleant
1082 4083 1235 4150 homines
1261 4049 1414 4151 {aidini

120 4183 315 4265 permoveri
328 4183 478 4248 maxime
494 4182 644 4266 praemio
657 4203 665 4262 ;
678 4183 760 4261 Nos,
776 4183 866 4266 quod
878 4185 912 4247 in
929 4183 1091 4250 facultate
1107 4187 1234 4253 Nostra
1261 4173 1412 4282 mma

120 4293 190 4360 est,
207 4287 391 4366 praemium
403 4287 625 4370 spiritualium
643 4290 818 4370 bonorum,
835 4311 901 4356 non
918 4291 1053 4375 quidem
1066 4294 1183 4379 fragile
1199 4308 1233 4362 et
1259 4311 1314 4346 Μ’
