3222 4888
333 301 382 350 DE
410 300 562 350 STUDllS
591 301 827 352 SCRIPTURAE
855 303 1008 353 SACRAE.
1150 303 1218 375 205

119 408 465 416 m—Q--Q-Q——n-
544 409 606 415 ...--
624 409 711 416 -ῄη
903 411 1025 418 .,-.--.-
1036 411 1106 418 -ψ-
1120 413 1217 420 *u—

115 455 221 518 solum
234 465 380 518 mentem
391 453 533 518 afferant
545 457 687 520 docilem
700 467 802 538 atque
814 467 991 534 attentam,
1002 463 1059 522 sed
1072 462 1222 543 integrae
1312 467 1344 512 18

115 577 246 640 quoque
271 551 412 642 piaeque
438 558 590 622 habitum
617 558 810 624 voluntatis.
838 559 956 642 Neque
983 563 1072 623 enim
1105 583 1221 624 eorum
1283 526 1361 642 539}-

117 661 198 724 ratio
213 659 373 725 librorum
390 661 507 724 similis
523 671 624 742 atque
640 661 869 725 communium
892 666 1043 744 putanda
1063 676 1112 727 est
1128 685 1136 742 ;
1153 667 1223 740 sed,
1249 694 1353 742 „Imm
1363 710 1399 742 ex*

69 818 72 823 .
116 765 272 846 quoniam
290 775 369 828 sunt
386 765 428 828 ab
444 767 518 846 ipso
535 764 661 848 Spiritu
680 765 807 830 Sancto
822 767 950 846 dictati,
967 788 1086 850 resque
1097 769 1222 849 gravis·
1249 759 1386 872 {semi

116 869 216 932 simas
232 870 406 934 continent
423 870 602 951 multisque
626 870 777 952 partibus
803 872 991 936 reconditas
1008 881 1041 934 et
1058 871 1222 936 difficilio-
1250 841 1388 952 quislunh

116 993 174 1050 res,
190 973 233 1036 ad
249 973 324 1036 illas
340 983 517 1056 propterea
534 973 771 1055 intelligendas
782 975 1071 1057 exponendasque
1088 995 1223 1058 semper
1249 954 1378 1070 mma

115 1076 263 1140 eiusdem
282 1076 427 1160 Spiritus
446 1091 464 1145 t
479 1077 670 1159 indigemus
687 1078 833 1141 adventu
848 1077 893 1159 (¹)
907 1078 1009 1154 l),hoc
1026 1087 1076 1142 est
1097 1079 1223 1142 lumine
1244 1085 1308 1148 pius
1319 1091 1360 1136 est.

115 1191 148 1246 et
163 1183 271 1264 gratia
288 1183 381 1248 eius:
397 1203 483 1266 quae
495 1203 584 1260 sane,
597 1193 633 1246 ut
646 1182 750 1246 divini
768 1184 903 1246 Psaltae'
913 1182 1103 1265 frequenter
1118 1185 1222 1248 instat

115 1289 309 1378 auctoritas,
321 1287 438 1350 humili
457 1297 535 1352 sunt
550 1288 743 1370 precatione
760 1287 982 1370 imploranda,
998 1288 1222 1352 sanctimonia

115 1389 204 1452 vitae
221 1389 451 1454 custodienda.

158 1493 329 1556 Praeclare
354 1493 455 1576 igitur
479 1515 524 1558 ex
555 1493 606 1556 his
631 1493 843 1576 providentia
877 1493 1013 1557 excellit
1041 1493 1223 1576 Ecclesiae,
1253 1567 1254 1573 ἵ
1283 1503 1403 1552 Providit

113 1616 209 1678 quae,
233 1617 272 1660 ne
294 1597 437 1661 caelestis
461 1597 515 1660 ille
537 1618 705 1662 sacrorum
731 1597 908 1662 Librorum
933 1598 1114 1676 thesaurus,
1129 1619 1223 1680 quem
1248 1575 1404 1683 msam

115 1699 265 1782 Spiritus
298 1700 441 1766 Sanctus
469 1723 599 1765 summa
629 1703 827 1766 liberalitate
856 1701 1043 1766 homiuibus
1073 1702 1223 1779 tradidit,
1250 1698 1356 1813 &filix

113 1805 275 1888 neglectus
291 1807 406 1868 iaceret
421 1805 473 1888 (2),
490 1807 627 1887 optimis
643 1826 775 1888 semper
800 1816 834 1869 et
858 1807 1019 1870 institutis
1035 1817 1069 1870 et
1094 1806 1223 1888 legibus
1248 1779 1383 1878 muru

113 1909 212 1973 cavit.
230 1909 309 1991 Ipsa
325 1911 414 1973 enim
431 1911 614 1986 constituit,
630 1930 697 1974 non
714 1909 822 1973 solum
841 1929 998 1991 magnam
1016 1929 1131 1972 eorum
1149 1929 1222 1991 par·
1250 1895 1376 2024 gfflfflf

112 2021 184 2075 tem
202 2012 247 2076 ab
258 2005 416 2076 omnibus
432 2015 500 2076 suis
514 2014 672 2078 ministris
686 2014 719 2076 in
732 2013 931 2096 quotidiano
947 2032 1061 2076 sacrae
1077 2012 1223 2096 psalmo·
1251 1996 1390 2090 dracun-

111 2113 191 2177 diae
205 2113 317 2178 officio
333 2115 510 2197 legendam
528 2137 601 2180 esse
616 2125 649 2180 et
667 2127 779 2180 mente
795 2116 851 2198 pia
867 2116 1155 2194 considerandam,
1165 2119 1223 2204 sed
1250 2095 1293 2141 '⁶⁸'

114 2219 313 2282 eorumdem
341 2220 589 2301 expositionem
616 2231 649 2284 et
675 2220 986 2303 interpretationem
1014 2219 1047 2282 in
1076 2220 1225 2284 ecclesiis

112 2323 376 2404 cathedralibus,
391 2326 424 2388 in
442 2327 661 2403 monasteriis,
677 2326 709 2389 in
726 2325 947 2389 conventibus
971 2325 1111 2390 aliorum
1129 2346 1225 2408 regu·

112 2427 248 2506 larium,
264 2429 297 2492 in
313 2431 434 2512 quibus
459 2429 571 2494 studia
593 2431 772 2494 commode
788 2429 900 2512 vigere
916 2429 1056 2512 possint,
1071 2450 1132 2510 per
1154 2431 1226 2494 ido·

112 2552 198 2596 neos
216 2533 303 2596 viros
319 2553 391 2596 esse
407 2533 607 2596 tradendam
621 2555 629 2610 ;
646 2533 763 2597 diebus
779 2543 892 2598 autem
909 2532 1029 2597 saltem
1047 2534 1226 2597 dominicis

112 2646 148 2701 et
176 2636 273 2700 sestis
296 2637 500 2702 solemnibus
532 2636 647 2702 fideles
678 2637 879 2705 salutaribus
912 2638 1089 2721 Evangelii
1116 2640 1226 2703 verbis

111 2741 221 2823 pasci,
235 2741 384 2805 restricte
410 2742 505 2805 iussit
520 2741 571 2825 (³).
590 2741 676 2806 Item
703 2744 902 2824 prudentiae
925 2743 1067 2806 debetur
1083 2741 1225 2824 diligen-

112 2844 253 2927 tiaeque
268 2845 440 2910 Ecclesiae
455 2845 564 2909 cultus
585 2846 640 2909 ille
658 2845 850 2932 Scripturae
871 2865 984 2910 sacrae
1001 2867 1060 2929 per
1076 2855 1222 2909 aetatem

111 2969 254 3015 omnem
280 2949 409 3014 vividus
436 2960 469 3013 et
495 2950 658 3032 plurimae
685 2949 781 3014 ferax
808 2950 972 3015 utilitatis.
999 2987 1042 2998 -
1076 2949 1115 3013 In
1149 2969 1225 3032 quo,
1295 2990 1404 3040 quat

110 3053 220 3118 etiam
252 3055 295 3117 ad
326 3051 492 3118 firmanda
521 3055 723 3118 documenta
761 3055 1034 3136 hortationesque
1073 3053 1226 3128 Nostrae,
1252 3055 1386 3133 tm'ruac.

109 3157 210 3221 iuvat
226 3177 489 3222 commemorare
504 3158 790 3240 quemadmodum
803 3179 824 3220 a
840 3157 1008 3238 religionis
1023 3157 1224 3220 christianae
1252 3120 1366 3237 ᾏίᾟὲῗξ

108 3261 401 3343 initiis‚quotqu0t
411 3261 590 3324 sanctitate
601 3263 687 3324 vitae
700 3279 876 3341 rerumque
888 3258 1075 3322 divinarum
1086 3259 1225 3322 scientia
1251 3251 1365 3366 imi

109 3364 311 3443 floruerunt,
326 3365 347 3428 ii
364 3367 464 3428 sacris
481 3366 513 3429 in
531 3365 668 3430 Litteris
685 3365 781 3429 multi
799 3384 931 3446 semper
947 3363 1139 3446 assiduique
1155 3362 1224 3426 fue·
1251 3387 1333 3431 ruer:
1361 3334 1394 3368 ue

107 3470 189 3534 rint.
209 3470 389 3533 Proximos
404 3469 648 3552 Apostolorum
670 3469 863 3552 discipulos,
884 3469 916 3530 in
933 3468 1053 3551 quibus
1070 3466 1225 3532 Clemen·
1250 3448 1403 3563 &Q

108 3582 183 3637 tem
218 3571 420 3650 Romanum,
437 3571 607 3654 Ignatium
626 3571 888 3649 Antiochenam,
905 3571 1137 3653 Polycarpum,
1152 3578 1224 3633 tum
1249 3577 1328 3640 tulir

108 3679 342 3762 Apologetas‚
368 3677 567 3742 nominatim
600 3678 767 3742 Iustinum
796 3687 828 3742 et
858 3678 1046 3751 Irenaeum,
1073 3675 1224 3738 videmus
1250 3643 1368 3766 ἕῳ

106 3779 270 3866 epistolis
286 3790 319 3845 et
332 3779 423 3844 libris
438 3781 515 3858 suis,
530 3781 600 3845 sive
624 3780 667 3844 ad
689 3780 830 3844 tutelam
856 3780 926 3842 sive
949 3779 992 3841 ad
1009 3778 1224 3840 commenda-

106 3881 1224 3968 tionempertinerentcatholicorumdogmatum,edivinismaxime

107 3989 258 4056 Litteris
285 3987 396 4068 fidem,
423 3989 532 4067 robur,
556 3990 698 4071 gratiam
726 4007 860 4052 omnem
888 3986 1023 4071 pietatis
1050 4004 1225 4050 arcessere.

107 4093 257 4162 Scholis
272 4103 386 4157 autem
402 4092 615 4157 catecheticis
639 4111 678 4156 ac
694 4091 892 4175 theologicis
909 4091 942 4154 in
961 4088 1074 4154 multis
1091 4087 1226 4152 sedibus
1251 4115 1396 4168 schatana-

141 4273 163 4304 1.
185 4256 214 4300 S.
237 4252 313 4304 Hier..
335 4250 574 4304 inMr'ch.1‚1o.-
589 4266 611 4298 a.
630 4251 707 4297 Conc.
717 4251 740 4296 T
741 4251 795 4302 rid.¹
805 4263 856 4296 sess.
872 4259 896 4300 v,
914 4247 997 4294 decret.
1012 4245 1040 4291 rie
1049 4245 1145 4306 reform.
1159 4258 1180 4291 1.
1198 4269 1228 4282 -

106 4342 130 4387 3.
151 4321 236 4374 ibid..
253 4333 299 4366 Μ.
