3222 4888
259 267 309 317 os
336 267 457 319 assus
485 261 787 319 accusarasrlcrs
815 268 857 316 11v
886 267 1061 317 eeauvrn.
1142 248 1212 335 265

97 437 161 506 per
186 425 319 488 verbam
338 423 485 489 Christi:
508 435 543 488 at
565 426 719 507 quamodo
743 426 880 488 aredient
892 427 963 488 sine
971 424 1182 506 praedicante
1195 419 1224 485 P'
1273 431 1351 521 ΜᾹΗ

105 529 260 607 quartando
268 527 513 609 praedicabunt,
525 527 595 590 nisi
605 529 784 591 mittantur
797 529 858 610 (1)?
876 527 1091 610 Quapropter
1101 547 1214 590 mone·
1278 535 1351 596 1894·

107 651 192 708 mus,
208 631 427 696 Venerabiles
444 631 587 709 Fratres,
603 653 641 695 ac
669 634 821 696 stimulos
848 632 978 696 caritati
1004 640 1133 694 vestrae
1156 629 1214 692 ad·
1263 649 1391 712 ntulttpa-

53 797 55 802 .
107 735 227 810 dimus,
243 743 280 798 ut
296 755 410 798 sacrae
426 736 662 818 expeditiones
690 738 780 820 apud
799 737 904 801 Indos
929 736 1216 818 multiplicentur:
1241 715 1391 842 {wulpi

107 837 371 920 multiplicentur
396 839 457 902 viri
486 840 799 916 misericordiarum,
814 842 871 923 qui
897 841 1048 904 volentes
1074 841 1216 913 libentes
1242 847 1368 922 ludger·

107 943 284 1005 mittantur
299 942 441 1024 operarii
457 941 491 1004 in
509 961 651 1006 messem
666 945 816 1021 Domini,
829 963 889 1007 nec
905 944 995 1006 carni
1012 951 1046 1007 et
1062 943 1216 1028 sanguini
1239 911 1376 1024 {mm

105 1049 365 1130 acquiescentes,
378 1045 545 1110 derelictis
561 1048 718 1111 fratribus
733 1050 848 1112 omnia
858 1048 949 1124 liant,
962 1057 998 1111 ut
1014 1068 1072 1111 eos
1083 1047 1217 1112 Christo

106 1149 330 1226 lucrifaciant3
343 1147 487 1212 inierant
497 1149 659 1212 barbarae
672 1152 764 1232 genti
778 1151 908 1214 civilem
922 1151 1050 1215 cultum
1061 1159 1095 1214 et
1109 1171 1217 1214 mores

107 1255 214 1331 mites,
230 1254 440 1335 ignorantiae
464 1255 621 1316 tenebras
643 1256 828 1330 excutiant,
844 1265 881 1319 ut
897 1257 1033 1318 demum
1049 1265 1168 1318 sortem
1185 1263 1219 1317 et

106 1357 170 1438 ipsi
187 1357 347 1437 accipiant
362 1357 448 1419 intur
461 1367 588 1420 sanctos
596 1358 768 1441 perfidem
782 1358 836 1442 (2).

154 1458 241 1522 Illud
266 1461 421 1542 denique,
445 1461 478 1522 in
507 1481 574 1542 quo
605 1482 701 1524 curas
731 1473 859 1525 vestras
886 1461 1065 1544 diligenter
1095 1459 1217 1524 versari
1276 1493 1394 1556 vm,

106 1564 271 1644 cupimus,
285 1564 349 1627 hoe
377 1574 437 1642 est,
454 1574 498 1641 ut,
514 1565 685 1646 quoniam,
701 1566 793 1629 hisce
821 1566 974 1628 maxime
1000 1564 1218 1647 temporibus,
1243 1559 1380 1635 ,maasias

107 1667 151 1730 ad
179 1687 351 1748 perversas
375 1668 552 1749 opiniones
576 1671 734 1732 serendas
760 1689 937 1751 moresque
965 1667 1217 1733 labefactandos
1240 1631 1394 1754 iiiam.

108 1771 222 1834 diariis
247 1780 280 1835 et
307 1771 578 1853 ephemeridibus
604 1771 682 1835 mali
710 1774 902 1849 abutuntur,
929 1783 1114 1837 vestrarum
1146 1793 1218 1836 esse
1244 1763 1351 1804 uantur.

108 1876 255 1956 partium
283 1876 491 1938 existimetis
510 1877 629 1939 eidem
658 1877 714 1939 via
738 1877 925 1958 iisdemque
952 1877 1001 1938 uti
1018 1876 1218 1954 ratIonibus;

109 1977 157 2040 illi
174 1980 293 2043 misere
309 1982 350 2043 ad
368 1981 640 2058 destructionem,
656 2003 715 2045 vos
731 1991 856 2045 sancte.
873 1983 915 2045 ad
939 1980 1218 2046 aedificationem.

108 2081 248 2147 Valebit
263 2104 344 2147 sane
359 2084 554 2160 admodum,
564 2086 591 2148 si
607 2086 761 2150 homines
777 2087 916 2150 scientia
931 2107 970 2149 ac
985 2086 1108 2150 virtute
1124 2105 1217 2169 prae·
1334 2122 1395 2170 gh„

108 2186 172 2248 diti
189 2189 365 2251 scribendo
380 2208 416 2250 se
431 2189 568 2264 dedant,
581 2209 665 2270 quae
680 2191 732 2252 vel
749 2190 781 2252 in
800 2189 949 2272 singulos
965 2189 1036 2252 dies
1051 2188 1104 2251 vel
1121 2188 1218 2252 statis
1242 2189 1371 2265 separares

108 2292 318 2372 temporibus
345 2292 379 2354 in
405 2291 513 2355 lucem
539 2295 720 2376 prodeant;
744 2294 796 2356 his
812 2295 911 2372 enim,
927 2293 1051 2356 sensim
1069 2301 1102 2355 et
1119 2292 1218 2374 pede·
1243 2260 1379 2367 {fiss‘ifd

108 2396 230 2458 teutim
254 2396 401 2459 disiectis
424 2397 598 2473 erroribus
614 2397 713 2459 latius
729 2397 921 2479 vulgabitur
942 2397 1074 2472 veritas,
1090 2414 1129 2457 ac
1152 2405 1218 2458 tor·
1240 2384 1362 2448 timisi

109 2519 193 2580 pore
209 2499 405 2580 languentes
422 2501 525 2564 animi
542 2502 789 2577 excitabuntur,
806 2500 983 2584 fidemque,
1000 2518 1101 2584 quam
1118 2500 1220 2564 corde

109 2599 226 2663 colunt
247 2603 289 2664 ad
316 2602 487 2678 iustitiam,
503 2611 619 2684 aperte
644 2601 879 2684 profitendam,
894 2613 1030 2667 strenue
1055 2601 1217 2666 tuendam

109 2704 301 2785 suscipient.
320 2703 417 2788 Quae
432 2717 545 2770 tamen
563 2709 792 2772 emolumenta
816 2709 988 2790 praeclara
1012 2709 1176 2785 evenient,
1192 2707 1219 2768 si
1245 2767 1350 2800 suonam

109 2808 275 2871 eiusmodi
293 2810 471 2891 scriptores
488 2809 599 2873 officia
615 2812 843 2875 accuraverint
869 2833 983 2876 eorum
1011 2813 1148 2894 propria
1163 2810 1220 2896 qui
1245 2817 1380 2882 officiorum

109 2932 175 2995 pro
189 2932 307 2976 caussa
322 2915 451 2995 optima
467 2915 637 2980 dimicant.
653 2915 799 2992 Scilicet,
814 2916 904 2998 quod
922 2917 1113 2980 monuimus
1129 2919 1221 2997 alias,
1246 2897 1370 2938 mensores,

109 3025 159 3091 ut,
174 3018 297 3080 comite
319 3017 560 3095 moderatione,
587 3019 775 3100 prudentia,
802 3022 950 3098 caritate,
976 3021 1045 3084 veri
1073 3023 1220 3105 rectique

110 3121 277 3204 principia
292 3132 443 3186 tutentur
463 3121 609 3200 firmiter,
622 3123 793 3186 Ecclesiae
810 3125 882 3186 iura
899 3126 1109 3194 sanctissima
1125 3127 1219 3190 adse-

111 3233 198 3302 rant,
214 3225 312 3290 Sedis
338 3227 558 3308 Apostolicae
583 3227 793 3290 maiestatem
821 3226 997 3305 illustrent,
1023 3249 1138 3293 eorum
1163 3232 1221 3312 qui

112 3326 356 3410 rempublicam
387 3340 508 3411 gerunt
538 3332 773 3394 auctoritatem
805 3339 1002 3395 vereantur:
1033 3333 1067 3394 in
1100 3331 1220 3414 quibus

112 3443 227 3495 tamen
245 3431 372 3509 officiis,
388 3432 645 3516 Episcoporum,
661 3443 698 3497 ut
724 3453 870 3515 aequum
893 3443 953 3512 est,
977 3432 1135 3498 adamare
1160 3433 1219 3498 du·
1296 3458 1397 3528 'atque

113 3546 217 3612 ctum,
242 3535 382 3600 consilia
407 3537 500 3618 sequi
518 3539 739 3603 meminerint.
765 3538 826 3614 Ita,
841 3537 1061 3602 Venerabiles
1079 3538 1211 3601 Fratres
1247 3515 1375 3582 Ep¹⁸‘⁰l'⁰'

1213 3586 1220 3613 ’
1246 3582 1399 3631 rumductui

111 3658 276 3722 perquam
293 3639 419 3703 bonum
437 3641 561 3704 existet
577 3641 782 3722 praesidium
798 3661 866 3724 quo
883 3641 1025 3724 populos
1041 3641 1136 3706 vobis
1152 3661 1219 3702 cre·
1246 3648 1366 3697 consitiis-

111 3746 204 3808 ditos
229 3764 249 3806 a
274 3745 438 3825 corruptis
466 3743 623 3807 lontibus
639 3747 810 3823 revocetis,
837 3745 879 3808 ad
907 3745 1058 3809 salubres
1083 3745 1221 3808 haustus
1246 3714 1362 3843 {m}

112 3850 300 3916 adducatis.

161 3951 305 4015 Habetis
332 3951 434 4034 igitur
458 3971 544 4034 quae
568 3973 614 4014 ex
640 3951 807 4015 desiderio
831 3960 865 4014 et
887 3951 1028 4014 consilio
1045 3949 1171 4013 Nostro
1188 3951 1220 4012 in
1289 3970 1400 4030 Qraeur

112 4055 234 4119 vestris
249 4055 470 4119 conventibus
486 4056 640 4137 agitetis:
656 4055 737 4118 nihil
754 4032 867 4118 autem
885 4055 1079 4118 dubitamus
1095 4061 1220 4116 certum
1243 4042 1358 4149 ‘mr‘

113 4158 211 4222 vobis
226 4159 515 4241 deliberatumque
532 4159 610 4236 lore,
625 4179 742 4222 omnes
766 4179 861 4222 curas
877 4157 1027 4222 conserte
1044 4167 1080 4221 ut
1096 4157 1223 4238 optatis
1249 4167 1321 4225 tant,

147 4301 166 4333 1.
181 4287 261 4338 Ram„
274 4296 300 4340 x,
315 4300 350 4343 17.
363 4309 393 4320 -
408 4300 429 4331 2.
443 4287 597 4340 Act.,xxv1‚
614 4289 647 4333 ra.
710 4337 711 4340 Ἴ
