3222 4888
436 269 502 340 182
533 289 649 340 urrsr.
673 289 831 340 sueves.
854 276 1105 343 “consanum
1125 273 1439 347 rrunonaoavu.''

431 440 493 502 sibi
510 449 681 502 assumant
707 439 921 523 habeantque
948 445 1168 522 carissimum,
1193 466 1270 510 cum
1297 456 1426 511 certum
1449 448 1516 510 sita

404 625 407 632 Ι
430 561 512 604 sana
536 539 656 623 piaque
681 541 816 624 puerilis
843 543 964 606 aetatis
992 543 1212 624 institutione,
1241 565 1308 610 non
1337 545 1517 610 familiarum

431 639 549 720 solum,
565 641 623 704 sed
641 639 687 702 rei
704 639 808 720 ipsius
824 641 978 723 publicae
995 643 1262 709 incolumitatem
1288 665 1444 728 magnam
1458 665 1518 726 par·

430 750 499 805 tem
516 740 670 823 pendere.
688 740 807 824 Neque
823 741 1022 808 industriam
1039 745 1277 826 solertiamque
1294 746 1420 827 putetis
1435 743 1520 808 ullam

431 843 501 909 fore
516 853 656 922 tantam,
672 845 750 927 quin
769 846 812 908 sit
827 844 1019 909 adhibenda
1047 845 1153 909 maior
1169 853 1207 908 ut
1222 841 1358 908 scholae
1374 842 1520 908 eiusmodi

309 971 405 1035 Inspec-
431 949 519 1012 laeta
535 948 686 1032 quotidie
700 950 907 1013 incrementa
925 950 1071 1030 capiant.
1090 947 1177 1012 Illud
1191 949 1288 1014 valde
1310 959 1521 1032 opportunum

256 1037 406 1150 ”fisum
431 1047 577 1126 fueritin
588 1067 792 1131 unaquaque
802 1049 961 1112 Dioecesi
972 1049 1167 1130 Inspectores
1180 1048 1369 1112 scholarum
1382 1058 1417 1112 et
1427 1047 1523 1110 dioece-

279 1167 406 1216 decanaus
429 1173 548 1216 sanum
564 1162 598 1215 et
609 1151 776 1216 decanales
787 1153 956 1228 constitui,
970 1153 1170 1236 quibuscum
1182 1153 1364 1235 quotannis
1379 1151 1524 1234 Episcopi

256 1231 405 1346 mm*
431 1259 473 1320 de
489 1255 678 1319 scholarum
696 1266 785 1320 statu
800 1266 835 1320 et
850 1256 1053 1333 conditione,
1069 1258 1174 1321 immo
1197 1267 1231 1322 et
1247 1259 1290 1320 de
1308 1259 1428 1321 ceteris
1443 1259 1524 1320 rebus

431 1356 474 1420 ad
502 1355 614 1433 fidem,
640 1356 684 1419 ad
710 1376 828 1434 mores,
852 1357 895 1420 ad
926 1356 1114 1421 animarum
1145 1377 1257 1422 curam
1286 1359 1525 1441 pertinentibus,

320 1513 407 1564 Novae
431 1459 570 1523 consilia
600 1457 782 1524 conserant.
809 1459 950 1542 Quodsi
979 1479 1114 1524 necesse
1130 1462 1173 1522 sit
1200 1467 1236 1521 ut
1252 1459 1304 1520 vel
1322 1478 1431 1521 novae
1448 1457 1524 1520 insti·

252 1581 346 1629 sclorac
357 1581 405 1628 art·
431 1567 577 1636 tuantur,
592 1579 654 1641 pro
670 1559 819 1622 locorum
837 1561 975 1638 ratione,
991 1559 1135 1638 scholae,
1159 1557 1209 1623 vel
1235 1559 1355 1622 utiam
1384 1558 1526 1622 conditae

295 1651 405 1774 {22²5ss
432 1662 686 1744 amplificentur,
703 1664 841 1730 minime
872 1665 1066 1729 dubitamus
1083 1666 1164 1748 quin
1182 1673 1303 1739 vestra,
1319 1661 1526 1726 Venerabiles

294 1775 405 1852 conditae
432 1763 575 1840 Fratres
599 1763 712 1826 multis
725 1763 792 1826 iam
809 1766 988 1846 explorata
1016 1763 1233 1846 argumentis,
1249 1763 1401 1844 itemque
1426 1762 1524 1826 catho-

274 1841 407 1965 einim·
432 1861 572 1925 licorum
586 1861 761 1926 hominum
778 1884 823 1926 ex
839 1865 931 1928 omni
947 1865 1065 1928 ordine
1081 1863 1265 1926 liberalitas
1282 1873 1443 1945 prompta
1453 1861 1492 1924 sit
1502 1868 1527 1921 et

258 1973 403 2022 accessesit.
433 1979 596 2043 generosa
612 1961 781 2028 adiutura.

307 2087 341 2137 ln
359 2102 407 2136 me·
479 2062 531 2124 De
549 2062 667 2138 mediis
685 2084 770 2140 vero,
788 2071 824 2126 ut
840 2063 944 2140 aiunt,
971 2063 1079 2144 deque
1101 2063 1265 2126 maiorum
1287 2061 1527 2143 disciplinarum

272 2151 406 2282 ⁶22³ss
434 2166 566 2243 scholis,
583 2167 792 2248 perstudiose
808 2167 995 2231 cavendum
1010 2187 1053 2230 ne
1069 2167 1157 2230 bona
1174 2167 1231 2229 illa
1247 2165 1338 2229 velut
1355 2166 1484 2229 semina
1503 2164 1527 2224 in

257 2299 316 2358 mnf
334 2284 406 2332 disci·
434 2269 563 2332 animos
580 2289 758 2352 puerorum
775 2269 895 2346 infusa,
921 2272 1039 2334 misere
1056 2270 1089 2332 in
1107 2269 1378 2334 adolescentibus
1397 2274 1529 2351 pereant

255 2348 407 2472 sitifim
435 2367 608 2450 Quantum
627 2369 728 2451 igitur
750 2371 802 2432 vel
828 2371 962 2452 agendo
986 2369 1037 2434 vel
1066 2371 1216 2452 rogando
1242 2369 1394 2451 potestis,
1411 2378 1528 2432 tanturn

268 2479 406 2556 laegfoagiq·
434 2468 636 2544 contendite,
652 2468 870 2532 Venerabiles
889 2469 1032 2545 Fratres,
1060 2477 1096 2532 ut
1124 2467 1289 2532 eiusmodi
1316 2468 1467 2549 pericula
1489 2465 1529 2528 vel

256 2543 408 2658 fjjssjtgssm
434 2580 654 2634 amoveantur
669 2570 720 2634 vel
739 2572 954 2636 minuantur:
970 2573 1202 2654 imprimisque
1215 2572 1395 2654 pastoralis
1409 2569 1530 2634 solertia

434 2677 543 2732 vestra
560 2669 592 2732 in
609 2690 649 2732 co
666 2670 785 2748 valeat,
804 2683 839 2735 ut
852 2671 1133 2754 praelectionibus
1144 2673 1186 2734 de
1197 2671 1359 2754 religione
1371 2670 1531 2734 tradendis

435 2767 530 2848 probi
562 2768 754 2850 deligantur
782 2771 941 2854 doctique
974 2772 1043 2848 viri,
1075 2781 1179 2854 utque
1218 2791 1277 2834 eae
1309 2779 1532 2836 removeantur

435 2885 580 2944 caussae,
593 2888 679 2950 quae
695 2869 875 2932 salutarem
897 2880 999 2954 atque
1023 2871 1161 2934 uberem
1185 2871 1380 2936 earumdem
1400 2872 1530 2936 fructum

348 2999 407 3048 stu·
435 2969 533 3032 nimis
543 2989 644 3052 saepe
655 2972 850 3052 impediunt.
862 3010 905 3021 —
919 2973 1087 3049 Ceterum,
1097 2973 1160 3036 etsi
1173 2972 1280 3036 Nobis
1292 2973 1379 3036 bene
1390 2973 1531 3056 cognitae

279 3064 407 3178 ‚dw’ff‘ffb-
434 3077 512 3132 sunt
537 3069 769 3153 probataeque
796 3093 895 3136 curae
923 3071 1207 3154 avobismetipsis
1233 3070 1378 3135 collatae
1406 3081 1445 3134 ut
1460 3072 1531 3132 istae

249 3137 405 3258 pm&
433 3172 619 3236 studiorum
647 3173 851 3254 optimorum
880 3177 985 3251 sedes,
1001 3196 1087 3259 quae
1115 3197 1159 3239 ex
1185 3185 1360 3240 auctorum
1380 3185 1492 3240 mente
1505 3173 1529 3233 in

256 3265 406 3375 “iiiiii
434 3271 604 3334 Ecclesiae
620 3282 722 3355 atque
739 3273 987 3356 Episcoporum
1012 3283 1180 3357 potestate
1208 3294 1281 3337 esse
1307 3275 1446 3350 debent,
1462 3271 1531 3338 tales

256 3405 314 3439 nere
341 3407 405 3456 quae
432 3384 654 3456 perseverent,
670 3375 786 3458 quales
803 3375 846 3440 ab
863 3376 943 3459 ipsis
956 3377 1170 3454 constitutae,
1187 3377 1349 3440 maiorem
1367 3387 1482 3440 tamen
1504 3375 1530 3436 in

270 3455 407 3584 msfgj‘anj
432 3475 570 3537 modum
582 3494 641 3536 vos
657 3473 838 3552 hortamur,
855 3484 892 3538 ut
908 3476 1000 3539 omni
1018 3475 1132 3539 oblata
1144 3475 1402 3559 opportunitate
1414 3477 1448 3538 in
1460 3475 1531 3553 idip-

252 3584 405 3664 fundatam]-
432 3591 505 3634 sum
522 3573 669 3654 pergatis
685 3574 856 3636 communi
872 3575 1022 3651 consilio,
1038 3575 1086 3637 uti
1104 3583 1250 3638 vestrum
1268 3574 1318 3637 ius
1335 3582 1387 3636 est
1418 3583 1454 3636 et
1473 3569 1530 3635 offi-

254 3649 300 3698 Μ’
317 3659 404 3700 consu-
432 3671 530 3749 cium,
545 3671 746 3737 incumbere.
772 3673 873 3756 Quod
902 3673 1294 3738 enimdissentientibus
1325 3693 1345 3735 a
1373 3671 1530 3736 catholico

254 3721 330 3765 mm
433 3771 567 3834 nomine
584 3789 777 3834 concessum
795 3785 854 3848 est,
869 3774 1032 3856 aequitati
1048 3773 1172 3855 pariter
1199 3771 1416 3855 iustitiaeque
1450 3788 1531 3852 repu-

431 3882 514 3957 gnat
530 3873 563 3936 id
581 3871 754 3938 catholicis
769 3875 928 3958 denegari
945 3901 951 3940 :
968 3877 1100 3960 publice
1116 3884 1229 3938 autem
1244 3875 1354 3953 refert,
1365 3885 1404 3939 ut
1420 3891 1531 3959 quaea

433 3973 615 4037 maioribus
646 3982 716 4036 tam
749 3975 802 4055 pie
833 3975 1068 4058 sapienterque
1100 3974 1255 4038 instituta
1284 3983 1374 4051 sunt,
1406 3993 1474 4038 non
1504 3971 1529 4034 in

433 4069 603 4132 Ecclesiae
620 4067 764 4151 fideique
780 4069 964 4135 catholicae
980 4071 1232 4150 detrimentum,
1248 4074 1352 4138 sedin
1367 4075 1531 4154 utriusque

431 4167 571 4232 tutelam
588 4187 626 4231 ac
643 4168 854 4249 praesidium,
878 4179 979 4252 atque
1003 4171 1090 4235 adeo
1117 4171 1149 4235 in
1182 4171 1286 4254 ipsius
1312 4173 1359 4236 rei
1384 4171 1531 4256 publicae

431 4269 567 4346 bonum,
582 4277 746 4350 perpetuo
762 4269 991 4333 adhibeantur.
