<?xml version="1.0" encoding="UTF-8"?>
<!DOCTYPE html PUBLIC "-//W3C//DTD XHTML 1.0 Transitional//EN"
    "http://www.w3.org/TR/xhtml1/DTD/xhtml1-transitional.dtd">
<html xmlns="http://www.w3.org/1999/xhtml" xml:lang="en" lang="en">
 <head>
  <title>
</title>
<meta http-equiv="Content-Type" content="text/html;charset=utf-8" />
  <meta name='ocr-system' content='tesseract 3.04.00' />
  <meta name='ocr-capabilities' content='ocr_page ocr_carea ocr_par ocr_line ocrx_word'/>
</head>
<body>
  <div class='ocr_page' id='page_1' title='image "./sanctissimidomi01xiiigoog_0095.png"; bbox 0 0 3250 4888; ppageno 0'>
   <div class='ocr_carea' id='block_1_1' title="bbox 363 283 1235 366">
    <p class='ocr_par' dir='ltr' id='par_1_1' title="bbox 363 283 1235 366">
     <span class='ocr_line' id='line_1_1' title="bbox 363 283 1235 366; baseline 0.013 -12"><span class='ocrx_word' id='word_1_1' title='bbox 363 283 411 355; x_wconf 88' lang='lat'>86</span> <span class='ocrx_word' id='word_1_2' title='bbox 601 309 772 360; x_wconf 76' lang='lat' dir='ltr'>srnrurr</span> <span class='ocrx_word' id='word_1_3' title='bbox 800 311 887 362; x_wconf 75' lang='lat' dir='ltr'>sirm</span> <span class='ocrx_word' id='word_1_4' title='bbox 913 311 1235 366; x_wconf 76' lang='lat' dir='ltr'>consocrnrrours</span> 
     </span>
    </p>
   </div>
   <div class='ocr_carea' id='block_1_2' title="bbox 305 457 1472 539">
    <p class='ocr_par' dir='ltr' id='par_1_2' title="bbox 305 457 1472 539">
     <span class='ocr_line' id='line_1_2' title="bbox 305 457 1472 539; baseline 0.006 -22"><span class='ocrx_word' id='word_1_5' title='bbox 305 493 306 502; x_wconf 56' lang='lat'>,</span> <span class='ocrx_word' id='word_1_6' title='bbox 364 457 595 539; x_wconf 86' lang='lat' dir='ltr'>pregheranno</span> <span class='ocrx_word' id='word_1_7' title='bbox 605 460 637 522; x_wconf 89' lang='lat' dir='ltr'>in</span> <span class='ocrx_word' id='word_1_8' title='bbox 650 480 792 524; x_wconf 91' lang='lat' dir='ltr'>comune</span> <span class='ocrx_word' id='word_1_9' title='bbox 802 463 936 525; x_wconf 85' lang='lat' dir='ltr'>innanzi</span> <span class='ocrx_word' id='word_1_10' title='bbox 949 463 981 525; x_wconf 91' lang='lat' dir='ltr'>la</span> <span class='ocrx_word' id='word_1_11' title='bbox 993 463 1186 527; x_wconf 82' lang='lat' dir='ltr'>medesima</span> <span class='ocrx_word' id='word_1_12' title='bbox 1198 461 1234 527; x_wconf 90' lang='lat' dir='ltr'>Si</span> <span class='ocrx_word' id='word_1_13' title='bbox 1248 461 1472 526; x_wconf 89' lang='lat' dir='ltr'>raccomanda</span> 
     </span>
    </p>
   </div>
   <div class='ocr_carea' id='block_1_3' title="bbox 192 3280 345 3539">
    <p class='ocr_par' dir='ltr' id='par_1_3' title="bbox 228 3280 345 3328">
     <span class='ocr_line' id='line_1_3' title="bbox 228 3280 345 3328; baseline -0.009 0"><span class='ocrx_word' id='word_1_14' title='bbox 228 3280 280 3328; x_wconf 87' lang='lat' dir='ltr'>Illa</span> <span class='ocrx_word' id='word_1_15' title='bbox 290 3287 345 3327; x_wconf 82' lang='lat' dir='ltr'>sta-</span> 
     </span>
    </p>

    <p class='ocr_par' dir='ltr' id='par_1_4' title="bbox 192 3345 344 3539">
     <span class='ocr_line' id='line_1_4' title="bbox 212 3345 344 3392; baseline 0.008 -1"><span class='ocrx_word' id='word_1_16' title='bbox 212 3349 268 3392; x_wconf 77' lang='lat' dir='ltr'>tuto</span> <span class='ocrx_word' id='word_1_17' title='bbox 281 3345 344 3392; x_wconf 84' lang='lat' dir='ltr'>Pon·</span> 
     </span>
     <span class='ocr_line' id='line_1_5' title="bbox 194 3411 343 3459; baseline 0.007 -1"><span class='ocrx_word' id='word_1_18' title='bbox 194 3411 218 3458; x_wconf 76' lang='lat' dir='ltr'>ri</span> <span class='ocrx_word' id='word_1_19' title='bbox 227 3425 258 3456; x_wconf 80' lang='lat' dir='ltr'>cx</span> <span class='ocrx_word' id='word_1_20' title='bbox 283 3425 343 3459; x_wconf 86' lang='lat' dir='ltr'>com·</span> 
     </span>
     <span class='ocr_line' id='line_1_6' title="bbox 192 3476 287 3539; baseline 0.032 -17"><span class='ocrx_word' id='word_1_21' title='bbox 192 3476 287 3539; x_wconf 76' lang='lat' dir='ltr'>probat.</span> 
     </span>
    </p>
   </div>
   <div class='ocr_carea' id='block_1_4' title="bbox 195 3960 345 4078">
    <p class='ocr_par' dir='ltr' id='par_1_5' title="bbox 195 3960 345 4078">
     <span class='ocr_line' id='line_1_7' title="bbox 226 3960 345 4010; baseline -0.008 0"><span class='ocrx_word' id='word_1_22' title='bbox 226 3963 261 4010; x_wconf 86' lang='lat' dir='ltr'>In</span> <span class='ocrx_word' id='word_1_23' title='bbox 280 3960 345 4009; x_wconf 80' lang='lat' dir='ltr'>hanc</span> 
     </span>
     <span class='ocr_line' id='line_1_8' title="bbox 195 4027 344 4078; baseline -0.027 0"><span class='ocrx_word' id='word_1_24' title='bbox 195 4027 344 4078; x_wconf 67' lang='lat' dir='ltr'>Comama·-</span> 
     </span>
    </p>
   </div>
   <div class='ocr_carea' id='block_1_5' title="bbox 36 4105 344 4142">
    <p class='ocr_par' dir='ltr' id='par_1_6' title="bbox 36 4105 344 4142">
     <span class='ocr_line' id='line_1_9' title="bbox 36 4105 344 4142; baseline -0.003 -2"><span class='ocrx_word' id='word_1_25' title='bbox 36 4111 39 4118; x_wconf 75' lang='lat'><strong>⁴</strong></span> <span class='ocrx_word' id='word_1_26' title='bbox 98 4105 101 4108; x_wconf 72' lang='grc'><strong>’</strong></span> <span class='ocrx_word' id='word_1_27' title='bbox 215 4107 286 4142; x_wconf 66' lang='lat' dir='ltr'>onem</span> <span class='ocrx_word' id='word_1_28' title='bbox 293 4109 344 4140; x_wconf 68' lang='lat' dir='ltr'>cae·</span> 
     </span>
    </p>
   </div>
   <div class='ocr_carea' id='block_1_6' title="bbox 213 4164 344 4281">
    <p class='ocr_par' dir='ltr' id='par_1_7' title="bbox 213 4164 344 4281">
     <span class='ocr_line' id='line_1_10' title="bbox 213 4164 343 4216; baseline 0 -10"><span class='ocrx_word' id='word_1_29' title='bbox 213 4164 280 4216; x_wconf 66' lang='lat' dir='ltr'>terne</span> <span class='ocrx_word' id='word_1_30' title='bbox 293 4173 343 4206; x_wconf 84' lang='lat' dir='ltr'>coa·</span> 
     </span>
     <span class='ocr_line' id='line_1_11' title="bbox 230 4224 344 4281; baseline -0.009 -9"><span class='ocrx_word' id='word_1_31' title='bbox 230 4224 325 4274; x_wconf 81' lang='lat' dir='ltr'>lescunl</span> <span class='ocrx_word' id='word_1_32' title='bbox 334 4243 344 4281; x_wconf 74' lang='lat'>,¹</span> 
     </span>
    </p>
   </div>
   <div class='ocr_carea' id='block_1_7' title="bbox 363 561 1514 4067">
    <p class='ocr_par' dir='ltr' id='par_1_8' title="bbox 363 561 1475 858">
     <span class='ocr_line' id='line_1_12' title="bbox 363 561 1475 647; baseline 0.005 -26"><span class='ocrx_word' id='word_1_33' title='bbox 363 580 382 621; x_wconf 91' lang='lat' dir='ltr'>a</span> <span class='ocrx_word' id='word_1_34' title='bbox 399 561 446 622; x_wconf 89' lang='lat' dir='ltr'>tal</span> <span class='ocrx_word' id='word_1_35' title='bbox 464 580 554 644; x_wconf 92' lang='lat' dir='ltr'>uopo</span> <span class='ocrx_word' id='word_1_36' title='bbox 570 563 603 625; x_wconf 92' lang='lat' dir='ltr'>in</span> <span class='ocrx_word' id='word_1_37' title='bbox 621 565 723 628; x_wconf 92' lang='lat' dir='ltr'>modo</span> <span class='ocrx_word' id='word_1_38' title='bbox 740 565 940 647; x_wconf 87' lang='lat' dir='ltr'>particolare</span> <span class='ocrx_word' id='word_1_39' title='bbox 957 565 988 628; x_wconf 93' lang='lat' dir='ltr'>la</span> <span class='ocrx_word' id='word_1_40' title='bbox 1006 565 1148 630; x_wconf 81' lang='lat' dir='ltr'>formola</span> <span class='ocrx_word' id='word_1_41' title='bbox 1163 566 1198 629; x_wconf 92' lang='lat' dir='ltr'>di</span> <span class='ocrx_word' id='word_1_42' title='bbox 1218 565 1392 646; x_wconf 85' lang='lat' dir='ltr'>preghiera</span> <span class='ocrx_word' id='word_1_43' title='bbox 1413 585 1475 646; x_wconf 89' lang='lat' dir='ltr'>ap-</span> 
     </span>
     <span class='ocr_line' id='line_1_13' title="bbox 363 666 1474 751; baseline 0.004 -24"><span class='ocrx_word' id='word_1_44' title='bbox 363 675 503 746; x_wconf 88' lang='lat' dir='ltr'>provata</span> <span class='ocrx_word' id='word_1_45' title='bbox 518 667 574 730; x_wconf 93' lang='lat' dir='ltr'>dal</span> <span class='ocrx_word' id='word_1_46' title='bbox 607 666 785 751; x_wconf 89' lang='lat' dir='ltr'>Regnante</span> <span class='ocrx_word' id='word_1_47' title='bbox 810 669 952 734; x_wconf 91' lang='lat' dir='ltr'>Sommo</span> <span class='ocrx_word' id='word_1_48' title='bbox 981 667 1160 746; x_wconf 88' lang='lat' dir='ltr'>Pontefice,</span> <span class='ocrx_word' id='word_1_49' title='bbox 1184 669 1226 732; x_wconf 90' lang='lat' dir='ltr'>ed</span> <span class='ocrx_word' id='word_1_50' title='bbox 1251 667 1365 732; x_wconf 87' lang='lat' dir='ltr'>altresl</span> <span class='ocrx_word' id='word_1_51' title='bbox 1389 667 1474 732; x_wconf 84' lang='lat' dir='ltr'>l’uso</span> 
     </span>
     <span class='ocr_line' id='line_1_14' title="bbox 364 769 1061 858; baseline 0.009 -26"><span class='ocrx_word' id='word_1_52' title='bbox 364 769 537 851; x_wconf 84' lang='lat' dir='ltr'>frequente</span> <span class='ocrx_word' id='word_1_53' title='bbox 552 773 640 836; x_wconf 86' lang='lat' dir='ltr'>delle</span> <span class='ocrx_word' id='word_1_54' title='bbox 657 783 706 837; x_wconf 89' lang='lat' dir='ltr'>tre</span> <span class='ocrx_word' id='word_1_55' title='bbox 723 785 802 839; x_wconf 91' lang='lat' dir='ltr'>note</span> <span class='ocrx_word' id='word_1_56' title='bbox 817 775 1036 858; x_wconf 85' lang='lat' dir='ltr'>giaculatorie</span> <span class='ocrx_word' id='word_1_57' title='bbox 1054 796 1061 838; x_wconf 94' lang='lat'><strong>:</strong></span> 
     </span>
    </p>

    <p class='ocr_par' dir='ltr' id='par_1_9' title="bbox 410 872 1408 958">
     <span class='ocr_line' id='line_1_15' title="bbox 410 872 1408 958; baseline -0.002 -18"><span class='ocrx_word' id='word_1_58' title='bbox 410 872 499 950; x_wconf 80' lang='lat' dir='ltr'>Cesrl,</span> <span class='ocrx_word' id='word_1_59' title='bbox 519 875 705 958; x_wconf 78' lang='lat' dir='ltr'>Giuseppee</span> <span class='ocrx_word' id='word_1_60' title='bbox 722 879 847 956; x_wconf 82' lang='lat' dir='ltr'>Maria,</span> <span class='ocrx_word' id='word_1_61' title='bbox 864 879 900 941; x_wconf 88' lang='lat' dir='ltr'>vi</span> <span class='ocrx_word' id='word_1_62' title='bbox 909 877 991 942; x_wconf 85' lang='lat' dir='ltr'>dono</span> <span class='ocrx_word' id='word_1_63' title='bbox 1004 875 1033 940; x_wconf 87' lang='lat' dir='ltr'>il</span> <span class='ocrx_word' id='word_1_64' title='bbox 1040 897 1131 941; x_wconf 81' lang='lat' dir='ltr'>cuore</span> <span class='ocrx_word' id='word_1_65' title='bbox 1142 875 1190 939; x_wconf 85' lang='lat' dir='ltr'>el&#39;</span> <span class='ocrx_word' id='word_1_66' title='bbox 1199 876 1316 938; x_wconf 79' lang='lat' dir='ltr'>anima</span> <span class='ocrx_word' id='word_1_67' title='bbox 1332 874 1408 938; x_wconf 86' lang='lat' dir='ltr'>mia.</span> 
     </span>
    </p>

    <p class='ocr_par' dir='ltr' id='par_1_10' title="bbox 411 975 1420 1063">
     <span class='ocr_line' id='line_1_16' title="bbox 411 975 1420 1063; baseline 0.001 -23"><span class='ocrx_word' id='word_1_68' title='bbox 411 975 505 1054; x_wconf 77' lang='lat' dir='ltr'>Gesrl,</span> <span class='ocrx_word' id='word_1_69' title='bbox 523 978 679 1063; x_wconf 79' lang='lat' dir='ltr'>Giuseppe</span> <span class='ocrx_word' id='word_1_70' title='bbox 692 1003 709 1044; x_wconf 85' lang='lat' dir='ltr'>e</span> <span class='ocrx_word' id='word_1_71' title='bbox 724 982 852 1060; x_wconf 82' lang='lat' dir='ltr'>Maria,</span> <span class='ocrx_word' id='word_1_72' title='bbox 862 980 1058 1046; x_wconf 80' lang='lat' dir='ltr'>assisteterni</span> <span class='ocrx_word' id='word_1_73' title='bbox 1071 979 1146 1042; x_wconf 81' lang='lat' dir='ltr'>nell’</span> <span class='ocrx_word' id='word_1_74' title='bbox 1157 980 1276 1042; x_wconf 80' lang='lat' dir='ltr'>ultima</span> <span class='ocrx_word' id='word_1_75' title='bbox 1292 978 1420 1060; x_wconf 79' lang='lat' dir='ltr'>agonia.</span> 
     </span>
    </p>

    <p class='ocr_par' dir='ltr' id='par_1_11' title="bbox 366 1081 1475 1268">
     <span class='ocr_line' id='line_1_17' title="bbox 411 1081 1475 1168; baseline -0.002 -22"><span class='ocrx_word' id='word_1_76' title='bbox 411 1081 505 1158; x_wconf 78' lang='lat' dir='ltr'>Gesrl,</span> <span class='ocrx_word' id='word_1_77' title='bbox 531 1083 720 1167; x_wconf 83' lang='lat' dir='ltr'>Giuseppee</span> <span class='ocrx_word' id='word_1_78' title='bbox 740 1085 867 1163; x_wconf 83' lang='lat' dir='ltr'>Maria,</span> <span class='ocrx_word' id='word_1_79' title='bbox 892 1086 976 1168; x_wconf 83' lang='lat' dir='ltr'>spiri</span> <span class='ocrx_word' id='word_1_80' title='bbox 1002 1084 1036 1148; x_wconf 82' lang='lat' dir='ltr'>in</span> <span class='ocrx_word' id='word_1_81' title='bbox 1059 1095 1137 1166; x_wconf 76' lang='lat' dir='ltr'>pace</span> <span class='ocrx_word' id='word_1_82' title='bbox 1162 1103 1218 1146; x_wconf 84' lang='lat' dir='ltr'>core</span> <span class='ocrx_word' id='word_1_83' title='bbox 1249 1081 1312 1145; x_wconf 86' lang='lat' dir='ltr'>Voi</span> <span class='ocrx_word' id='word_1_84' title='bbox 1335 1081 1475 1144; x_wconf 70' lang='lat' dir='ltr'>lanima</span> 
     </span>
     <span class='ocr_line' id='line_1_18' title="bbox 366 1184 502 1268; baseline 0.015 -20"><span class='ocrx_word' id='word_1_85' title='bbox 366 1184 463 1268; x_wconf 86' lang='lat' dir='ltr'>mia(</span> <span class='ocrx_word' id='word_1_86' title='bbox 481 1186 502 1268; x_wconf 91' lang='lat'>).</span> 
     </span>
    </p>

    <p class='ocr_par' dir='ltr' id='par_1_12' title="bbox 366 1289 1514 2186">
     <span class='ocr_line' id='line_1_19' title="bbox 408 1289 1474 1374; baseline -0.002 -20"><span class='ocrx_word' id='word_1_87' title='bbox 408 1299 445 1368; x_wconf 89' lang='lat'>7⁰</span> <span class='ocrx_word' id='word_1_88' title='bbox 456 1290 679 1373; x_wconf 86' lang='lat' dir='ltr'>L’immagine</span> <span class='ocrx_word' id='word_1_89' title='bbox 694 1292 784 1357; x_wconf 91' lang='lat' dir='ltr'>della</span> <span class='ocrx_word' id='word_1_90' title='bbox 800 1292 903 1360; x_wconf 90' lang='lat' dir='ltr'>Sacra</span> <span class='ocrx_word' id='word_1_91' title='bbox 920 1292 1086 1374; x_wconf 83' lang='lat' dir='ltr'>Famiglia</span> <span class='ocrx_word' id='word_1_92' title='bbox 1103 1290 1169 1373; x_wconf 79' lang='lat' dir='ltr'>pub</span> <span class='ocrx_word' id='word_1_93' title='bbox 1191 1310 1299 1354; x_wconf 85' lang='lat' dir='ltr'>essere</span> <span class='ocrx_word' id='word_1_94' title='bbox 1315 1309 1336 1351; x_wconf 94' lang='lat' dir='ltr'>o</span> <span class='ocrx_word' id='word_1_95' title='bbox 1362 1289 1474 1371; x_wconf 90' lang='lat' dir='ltr'>quella</span> 
     </span>
     <span class='ocr_line' id='line_1_20' title="bbox 366 1391 1475 1474; baseline 0 -18"><span class='ocrx_word' id='word_1_96' title='bbox 366 1395 579 1458; x_wconf 88' lang='lat' dir='ltr'>menzionata</span> <span class='ocrx_word' id='word_1_97' title='bbox 588 1395 819 1462; x_wconf 89' lang='lat' dir='ltr'>nellaLettera</span> <span class='ocrx_word' id='word_1_98' title='bbox 829 1397 918 1462; x_wconf 90' lang='lat' dir='ltr'>della</span> <span class='ocrx_word' id='word_1_99' title='bbox 928 1417 972 1463; x_wconf 89' lang='lat' dir='ltr'>sa.</span> <span class='ocrx_word' id='word_1_100' title='bbox 980 1416 1041 1459; x_wconf 91' lang='lat' dir='ltr'>me.</span> <span class='ocrx_word' id='word_1_101' title='bbox 1054 1395 1088 1458; x_wconf 88' lang='lat' dir='ltr'>di</span> <span class='ocrx_word' id='word_1_102' title='bbox 1100 1395 1159 1458; x_wconf 92' lang='lat' dir='ltr'>Pio</span> <span class='ocrx_word' id='word_1_103' title='bbox 1172 1393 1223 1458; x_wconf 95' lang='lat' dir='ltr'>lX</span> <span class='ocrx_word' id='word_1_104' title='bbox 1233 1393 1287 1456; x_wconf 92' lang='lat' dir='ltr'>del</span> <span class='ocrx_word' id='word_1_105' title='bbox 1296 1407 1311 1474; x_wconf 88' lang='lat'><strong>5</strong></span> <span class='ocrx_word' id='word_1_106' title='bbox 1320 1391 1475 1458; x_wconf 87' lang='lat' dir='ltr'>Gennaio</span> 
     </span>
     <span class='ocr_line' id='line_1_21' title="bbox 370 1495 1514 1581; baseline 0.001 -23"><span class='ocrx_word' id='word_1_107' title='bbox 370 1498 461 1576; x_wconf 89' lang='lat'>1870,</span> <span class='ocrx_word' id='word_1_108' title='bbox 476 1517 498 1560; x_wconf 91' lang='lat' dir='ltr'>o</span> <span class='ocrx_word' id='word_1_109' title='bbox 513 1499 704 1581; x_wconf 89' lang='lat' dir='ltr'>qualunque</span> <span class='ocrx_word' id='word_1_110' title='bbox 721 1499 805 1564; x_wconf 88' lang='lat' dir='ltr'>altra</span> <span class='ocrx_word' id='word_1_111' title='bbox 829 1500 862 1563; x_wconf 91' lang='lat' dir='ltr'>in</span> <span class='ocrx_word' id='word_1_112' title='bbox 889 1501 941 1564; x_wconf 91' lang='lat' dir='ltr'>cui</span> <span class='ocrx_word' id='word_1_113' title='bbox 959 1500 1008 1564; x_wconf 91' lang='lat' dir='ltr'>sia</span> <span class='ocrx_word' id='word_1_114' title='bbox 1024 1505 1279 1580; x_wconf 89' lang='lat' dir='ltr'>rappresentato</span> <span class='ocrx_word' id='word_1_115' title='bbox 1296 1495 1318 1558; x_wconf 89' lang='lat' dir='ltr'>il</span> <span class='ocrx_word' id='word_1_116' title='bbox 1344 1495 1471 1559; x_wconf 90' lang='lat' dir='ltr'>Nostro</span> <span class='ocrx_word' id='word_1_117' title='bbox 1513 1498 1514 1502; x_wconf 74' lang='grc'>’</span> 
     </span>
     <span class='ocr_line' id='line_1_22' title="bbox 367 1598 1475 1682; baseline 0.002 -18"><span class='ocrx_word' id='word_1_118' title='bbox 367 1598 509 1682; x_wconf 86' lang='lat' dir='ltr'>Signore</span> <span class='ocrx_word' id='word_1_119' title='bbox 536 1601 626 1666; x_wconf 79' lang='lat' dir='ltr'>Gesu</span> <span class='ocrx_word' id='word_1_120' title='bbox 644 1602 755 1668; x_wconf 86' lang='lat' dir='ltr'>Cristo</span> <span class='ocrx_word' id='word_1_121' title='bbox 772 1604 860 1668; x_wconf 87' lang='lat' dir='ltr'>nella</span> <span class='ocrx_word' id='word_1_122' title='bbox 875 1623 936 1667; x_wconf 88' lang='lat' dir='ltr'>sua</span> <span class='ocrx_word' id='word_1_123' title='bbox 951 1605 1020 1667; x_wconf 86' lang='lat' dir='ltr'>vita</span> <span class='ocrx_word' id='word_1_124' title='bbox 1038 1614 1193 1668; x_wconf 88' lang='lat' dir='ltr'>nascosta</span> <span class='ocrx_word' id='word_1_125' title='bbox 1209 1603 1270 1667; x_wconf 91' lang='lat' dir='ltr'>che</span> <span class='ocrx_word' id='word_1_126' title='bbox 1287 1601 1388 1668; x_wconf 84' lang='lat' dir='ltr'>menb</span> <span class='ocrx_word' id='word_1_127' title='bbox 1412 1621 1475 1666; x_wconf 90' lang='lat' dir='ltr'>con</span> 
     </span>
     <span class='ocr_line' id='line_1_23' title="bbox 367 1698 1477 1788; baseline 0.001 -22"><span class='ocrx_word' id='word_1_128' title='bbox 367 1701 567 1768; x_wconf 85' lang='lat' dir='ltr'>Beatissima</span> <span class='ocrx_word' id='word_1_129' title='bbox 584 1705 731 1788; x_wconf 85' lang='lat' dir='ltr'>Vergine</span> <span class='ocrx_word' id='word_1_130' title='bbox 755 1705 825 1772; x_wconf 89' lang='lat' dir='ltr'>Sua</span> <span class='ocrx_word' id='word_1_131' title='bbox 853 1707 971 1770; x_wconf 88' lang='lat' dir='ltr'>Madre</span> <span class='ocrx_word' id='word_1_132' title='bbox 988 1698 1074 1771; x_wconf 56' lang='lat' dir='ltr'>e&#39;col</span> <span class='ocrx_word' id='word_1_133' title='bbox 1098 1706 1288 1771; x_wconf 88' lang='lat' dir='ltr'>castissimo</span> <span class='ocrx_word' id='word_1_134' title='bbox 1306 1706 1418 1788; x_wconf 86' lang='lat' dir='ltr'>Sposo</span> <span class='ocrx_word' id='word_1_135' title='bbox 1440 1705 1477 1768; x_wconf 91' lang='lat' dir='ltr'>di</span> 
     </span>
     <span class='ocr_line' id='line_1_24' title="bbox 367 1805 1477 1892; baseline 0.001 -22"><span class='ocrx_word' id='word_1_136' title='bbox 367 1805 438 1886; x_wconf 91' lang='lat' dir='ltr'>Lei,</span> <span class='ocrx_word' id='word_1_137' title='bbox 451 1805 483 1873; x_wconf 90' lang='lat' dir='ltr'>S.</span> <span class='ocrx_word' id='word_1_138' title='bbox 501 1805 680 1892; x_wconf 88' lang='lat' dir='ltr'>Giuseppe.</span> <span class='ocrx_word' id='word_1_139' title='bbox 698 1809 842 1875; x_wconf 90' lang='lat' dir='ltr'>Rimane</span> <span class='ocrx_word' id='word_1_140' title='bbox 855 1807 936 1892; x_wconf 86' lang='lat' dir='ltr'>perb</span> <span class='ocrx_word' id='word_1_141' title='bbox 947 1829 1078 1892; x_wconf 90' lang='lat' dir='ltr'>sempre</span> <span class='ocrx_word' id='word_1_142' title='bbox 1092 1809 1358 1886; x_wconf 88' lang='lat' dir='ltr'>nell&#39;Ordinario,</span> <span class='ocrx_word' id='word_1_143' title='bbox 1371 1829 1392 1872; x_wconf 83' lang='lat' dir='ltr'>a</span> <span class='ocrx_word' id='word_1_144' title='bbox 1402 1829 1477 1872; x_wconf 86' lang='lat' dir='ltr'>nor-</span> 
     </span>
     <span class='ocr_line' id='line_1_25' title="bbox 368 1911 1477 1998; baseline 0.002 -24"><span class='ocrx_word' id='word_1_145' title='bbox 368 1931 423 1974; x_wconf 90' lang='lat' dir='ltr'>ma</span> <span class='ocrx_word' id='word_1_146' title='bbox 439 1913 492 1976; x_wconf 91' lang='lat' dir='ltr'>del</span> <span class='ocrx_word' id='word_1_147' title='bbox 510 1913 717 1990; x_wconf 78' lang='lat' dir='ltr'>Tridentino,</span> <span class='ocrx_word' id='word_1_148' title='bbox 742 1913 763 1976; x_wconf 94' lang='lat' dir='ltr'>il</span> <span class='ocrx_word' id='word_1_149' title='bbox 780 1915 897 1978; x_wconf 90' lang='lat' dir='ltr'>diritto</span> <span class='ocrx_word' id='word_1_150' title='bbox 913 1915 947 1977; x_wconf 90' lang='lat' dir='ltr'>di</span> <span class='ocrx_word' id='word_1_151' title='bbox 974 1916 1145 1979; x_wconf 86' lang='lat' dir='ltr'>escludere</span> <span class='ocrx_word' id='word_1_152' title='bbox 1169 1913 1279 1998; x_wconf 90' lang='lat' dir='ltr'>quelle</span> <span class='ocrx_word' id='word_1_153' title='bbox 1302 1911 1477 1995; x_wconf 84' lang='lat' dir='ltr'>immagini</span> 
     </span>
     <span class='ocr_line' id='line_1_26' title="bbox 366 2013 1477 2100; baseline -0.001 -22"><span class='ocrx_word' id='word_1_154' title='bbox 366 2016 429 2079; x_wconf 89' lang='lat' dir='ltr'>che</span> <span class='ocrx_word' id='word_1_155' title='bbox 445 2036 511 2080; x_wconf 88' lang='lat' dir='ltr'>non</span> <span class='ocrx_word' id='word_1_156' title='bbox 529 2015 655 2081; x_wconf 88' lang='lat' dir='ltr'>fossero</span> <span class='ocrx_word' id='word_1_157' title='bbox 681 2018 830 2082; x_wconf 89' lang='lat' dir='ltr'>secondo</span> <span class='ocrx_word' id='word_1_158' title='bbox 853 2018 874 2080; x_wconf 94' lang='lat' dir='ltr'>il</span> <span class='ocrx_word' id='word_1_159' title='bbox 891 2027 1047 2082; x_wconf 87' lang='lat' dir='ltr'>concetto</span> <span class='ocrx_word' id='word_1_160' title='bbox 1071 2018 1207 2100; x_wconf 91' lang='lat' dir='ltr'>proprio</span> <span class='ocrx_word' id='word_1_161' title='bbox 1223 2017 1257 2080; x_wconf 91' lang='lat' dir='ltr'>di</span> <span class='ocrx_word' id='word_1_162' title='bbox 1273 2027 1393 2098; x_wconf 88' lang='lat' dir='ltr'>questa</span> <span class='ocrx_word' id='word_1_163' title='bbox 1410 2013 1477 2078; x_wconf 87' lang='lat' dir='ltr'>As·</span> 
     </span>
     <span class='ocr_line' id='line_1_27' title="bbox 368 2138 565 2186; baseline 0.02 -4"><span class='ocrx_word' id='word_1_164' title='bbox 368 2138 565 2186; x_wconf 86' lang='lat' dir='ltr'>socrazrone.</span> 
     </span>
    </p>

    <p class='ocr_par' dir='ltr' id='par_1_13' title="bbox 368 2223 1480 2516">
     <span class='ocr_line' id='line_1_28' title="bbox 413 2223 1480 2308; baseline -0.005 -19"><span class='ocrx_word' id='word_1_165' title='bbox 413 2227 450 2289; x_wconf 87' lang='lat'>8⁰</span> <span class='ocrx_word' id='word_1_166' title='bbox 466 2225 516 2289; x_wconf 90' lang='lat' dir='ltr'>Le</span> <span class='ocrx_word' id='word_1_167' title='bbox 532 2224 680 2308; x_wconf 85' lang='lat' dir='ltr'>lamiglie</span> <span class='ocrx_word' id='word_1_168' title='bbox 696 2228 831 2291; x_wconf 88' lang='lat' dir='ltr'>ascritte</span> <span class='ocrx_word' id='word_1_169' title='bbox 847 2227 1144 2293; x_wconf 85' lang='lat' dir='ltr'>all&#39;Associazione</span> <span class='ocrx_word' id='word_1_170' title='bbox 1159 2228 1296 2308; x_wconf 82' lang='lat' dir='ltr'>godone</span> <span class='ocrx_word' id='word_1_171' title='bbox 1312 2223 1399 2287; x_wconf 90' lang='lat' dir='ltr'>delle</span> <span class='ocrx_word' id='word_1_172' title='bbox 1421 2223 1480 2285; x_wconf 80' lang='lat' dir='ltr'>In·</span> 
     </span>
     <span class='ocr_line' id='line_1_29' title="bbox 368 2326 1477 2416; baseline -0.006 -24"><span class='ocrx_word' id='word_1_173' title='bbox 368 2328 533 2412; x_wconf 86' lang='lat' dir='ltr'>dulgenze</span> <span class='ocrx_word' id='word_1_174' title='bbox 549 2331 633 2394; x_wconf 90' lang='lat' dir='ltr'>edei</span> <span class='ocrx_word' id='word_1_175' title='bbox 650 2332 810 2413; x_wconf 80' lang='lat' dir='ltr'>vantaggi</span> <span class='ocrx_word' id='word_1_176' title='bbox 827 2333 989 2416; x_wconf 89' lang='lat' dir='ltr'>spirituali</span> <span class='ocrx_word' id='word_1_177' title='bbox 1007 2330 1156 2395; x_wconf 87' lang='lat' dir='ltr'>concessi</span> <span class='ocrx_word' id='word_1_178' title='bbox 1173 2330 1228 2392; x_wconf 90' lang='lat' dir='ltr'>dai</span> <span class='ocrx_word' id='word_1_179' title='bbox 1241 2327 1371 2393; x_wconf 86' lang='lat' dir='ltr'>Sommi</span> <span class='ocrx_word' id='word_1_180' title='bbox 1391 2326 1477 2389; x_wconf 91' lang='lat' dir='ltr'>Pon-</span> 
     </span>
     <span class='ocr_line' id='line_1_30' title="bbox 369 2429 1423 2516; baseline -0.004 -22"><span class='ocrx_word' id='word_1_181' title='bbox 369 2431 466 2509; x_wconf 89' lang='lat' dir='ltr'>tefici,</span> <span class='ocrx_word' id='word_1_182' title='bbox 481 2451 579 2497; x_wconf 88' lang='lat' dir='ltr'>come</span> <span class='ocrx_word' id='word_1_183' title='bbox 593 2435 690 2498; x_wconf 90' lang='lat' dir='ltr'>viene</span> <span class='ocrx_word' id='word_1_184' title='bbox 702 2435 849 2500; x_wconf 88' lang='lat' dir='ltr'>indicato</span> <span class='ocrx_word' id='word_1_185' title='bbox 866 2435 954 2499; x_wconf 90' lang='lat' dir='ltr'>nella</span> <span class='ocrx_word' id='word_1_186' title='bbox 969 2433 1103 2516; x_wconf 86' lang='lat' dir='ltr'>pagella</span> <span class='ocrx_word' id='word_1_187' title='bbox 1118 2432 1152 2496; x_wconf 89' lang='lat' dir='ltr'>di</span> <span class='ocrx_word' id='word_1_188' title='bbox 1170 2429 1423 2512; x_wconf 84' lang='lat' dir='ltr'>aggregazione.</span> 
     </span>
    </p>

    <p class='ocr_par' dir='ltr' id='par_1_14' title="bbox 369 2529 1481 3239">
     <span class='ocr_line' id='line_1_31' title="bbox 412 2529 1479 2619; baseline -0.007 -20"><span class='ocrx_word' id='word_1_189' title='bbox 412 2545 450 2619; x_wconf 90' lang='lat'>9⁰</span> <span class='ocrx_word' id='word_1_190' title='bbox 468 2535 496 2599; x_wconf 94' lang='lat' dir='ltr'>Il</span> <span class='ocrx_word' id='word_1_191' title='bbox 514 2536 692 2603; x_wconf 88' lang='lat' dir='ltr'>Cardinale</span> <span class='ocrx_word' id='word_1_192' title='bbox 721 2539 909 2604; x_wconf 87' lang='lat' dir='ltr'>Protettore</span> <span class='ocrx_word' id='word_1_193' title='bbox 938 2538 989 2603; x_wconf 92' lang='lat' dir='ltr'>col</span> <span class='ocrx_word' id='word_1_194' title='bbox 1013 2559 1075 2602; x_wconf 92' lang='lat' dir='ltr'>suo</span> <span class='ocrx_word' id='word_1_195' title='bbox 1100 2535 1274 2617; x_wconf 87' lang='lat' dir='ltr'>Consiglio</span> <span class='ocrx_word' id='word_1_196' title='bbox 1299 2529 1479 2598; x_wconf 69' lang='lat' dir='ltr'>formerle</span> 
     </span>
     <span class='ocr_line' id='line_1_32' title="bbox 369 2638 1479 2726; baseline -0.007 -24"><span class='ocrx_word' id='word_1_197' title='bbox 369 2638 586 2720; x_wconf 74' lang='lat' dir='ltr'>pubblicherl</span> <span class='ocrx_word' id='word_1_198' title='bbox 614 2661 657 2705; x_wconf 91' lang='lat' dir='ltr'>un</span> <span class='ocrx_word' id='word_1_199' title='bbox 676 2641 933 2726; x_wconf 82' lang='lat' dir='ltr'>Regolamento,</span> <span class='ocrx_word' id='word_1_200' title='bbox 950 2642 1003 2705; x_wconf 91' lang='lat' dir='ltr'>nel</span> <span class='ocrx_word' id='word_1_201' title='bbox 1019 2641 1118 2724; x_wconf 89' lang='lat' dir='ltr'>quale</span> <span class='ocrx_word' id='word_1_202' title='bbox 1134 2639 1161 2702; x_wconf 92' lang='lat' dir='ltr'>si</span> <span class='ocrx_word' id='word_1_203' title='bbox 1178 2649 1379 2703; x_wconf 88' lang='lat' dir='ltr'>troveranno</span> <span class='ocrx_word' id='word_1_204' title='bbox 1403 2652 1479 2717; x_wconf 91' lang='lat' dir='ltr'>par·</span> 
     </span>
     <span class='ocr_line' id='line_1_33' title="bbox 370 2736 1479 2826; baseline -0.008 -19"><span class='ocrx_word' id='word_1_205' title='bbox 370 2743 499 2808; x_wconf 87' lang='lat' dir='ltr'>ticolari</span> <span class='ocrx_word' id='word_1_206' title='bbox 516 2745 731 2826; x_wconf 90' lang='lat' dir='ltr'>disposizioni</span> <span class='ocrx_word' id='word_1_207' title='bbox 750 2748 884 2810; x_wconf 87' lang='lat' dir='ltr'>intorno</span> <span class='ocrx_word' id='word_1_208' title='bbox 899 2767 919 2809; x_wconf 91' lang='lat' dir='ltr'>a</span> <span class='ocrx_word' id='word_1_209' title='bbox 934 2745 987 2809; x_wconf 80' lang='lat' dir='ltr'>cib</span> <span class='ocrx_word' id='word_1_210' title='bbox 1003 2745 1065 2808; x_wconf 90' lang='lat' dir='ltr'>che</span> <span class='ocrx_word' id='word_1_211' title='bbox 1086 2742 1153 2826; x_wconf 82' lang='lat' dir='ltr'>pub</span> <span class='ocrx_word' id='word_1_212' title='bbox 1169 2753 1303 2807; x_wconf 88' lang='lat' dir='ltr'>tornare</span> <span class='ocrx_word' id='word_1_213' title='bbox 1327 2740 1383 2822; x_wconf 72' lang='lat' dir='ltr'>pib</span> <span class='ocrx_word' id='word_1_214' title='bbox 1397 2736 1479 2803; x_wconf 90' lang='lat' dir='ltr'>utile</span> 
     </span>
     <span class='ocr_line' id='line_1_34' title="bbox 369 2843 1481 2932; baseline -0.005 -24"><span class='ocrx_word' id='word_1_215' title='bbox 369 2845 435 2909; x_wconf 92' lang='lat' dir='ltr'>alla</span> <span class='ocrx_word' id='word_1_216' title='bbox 453 2847 512 2910; x_wconf 90' lang='lat' dir='ltr'>Pia</span> <span class='ocrx_word' id='word_1_217' title='bbox 524 2847 775 2928; x_wconf 90' lang='lat' dir='ltr'>Associazione,</span> <span class='ocrx_word' id='word_1_218' title='bbox 790 2871 808 2913; x_wconf 90' lang='lat' dir='ltr'>e</span> <span class='ocrx_word' id='word_1_219' title='bbox 824 2849 1065 2932; x_wconf 89' lang='lat' dir='ltr'>specialmente</span> <span class='ocrx_word' id='word_1_220' title='bbox 1080 2847 1349 2910; x_wconf 88' lang='lat' dir='ltr'>s&#39;indicheranno</span> <span class='ocrx_word' id='word_1_221' title='bbox 1374 2843 1404 2904; x_wconf 97' lang='lat' dir='ltr'>le</span> <span class='ocrx_word' id='word_1_222' title='bbox 1420 2859 1481 2904; x_wconf 91' lang='lat' dir='ltr'>sue</span> 
     </span>
     <span class='ocr_line' id='line_1_35' title="bbox 370 2945 1481 3035; baseline -0.005 -22"><span class='ocrx_word' id='word_1_223' title='bbox 370 2948 454 3016; x_wconf 82' lang='lat' dir='ltr'>feste</span> <span class='ocrx_word' id='word_1_224' title='bbox 469 2954 612 3034; x_wconf 87' lang='lat' dir='ltr'>proprie,</span> <span class='ocrx_word' id='word_1_225' title='bbox 629 2951 651 3014; x_wconf 90' lang='lat' dir='ltr'>il</span> <span class='ocrx_word' id='word_1_226' title='bbox 668 2955 787 3035; x_wconf 84' lang='lat' dir='ltr'>giorno</span> <span class='ocrx_word' id='word_1_227' title='bbox 805 2953 893 3016; x_wconf 86' lang='lat' dir='ltr'>della</span> <span class='ocrx_word' id='word_1_228' title='bbox 911 2953 996 3017; x_wconf 81' lang='lat' dir='ltr'>festa</span> <span class='ocrx_word' id='word_1_229' title='bbox 1011 2948 1171 3028; x_wconf 82' lang='lat' dir='ltr'>Titolare,</span> <span class='ocrx_word' id='word_1_230' title='bbox 1189 2951 1221 3012; x_wconf 91' lang='lat' dir='ltr'>la</span> <span class='ocrx_word' id='word_1_231' title='bbox 1242 2945 1481 3012; x_wconf 87' lang='lat' dir='ltr'>rinnovazione</span> 
     </span>
     <span class='ocr_line' id='line_1_36' title="bbox 370 3049 1481 3127; baseline -0.005 -9"><span class='ocrx_word' id='word_1_232' title='bbox 370 3074 483 3119; x_wconf 91' lang='lat' dir='ltr'>annua</span> <span class='ocrx_word' id='word_1_233' title='bbox 498 3055 649 3120; x_wconf 89' lang='lat' dir='ltr'>dell&#39;atto</span> <span class='ocrx_word' id='word_1_234' title='bbox 665 3057 698 3119; x_wconf 91' lang='lat' dir='ltr'>di</span> <span class='ocrx_word' id='word_1_235' title='bbox 715 3057 972 3120; x_wconf 88' lang='lat' dir='ltr'>consacrazione</span> <span class='ocrx_word' id='word_1_236' title='bbox 988 3054 1032 3119; x_wconf 88' lang='lat' dir='ltr'>da</span> <span class='ocrx_word' id='word_1_237' title='bbox 1048 3055 1126 3118; x_wconf 86' lang='lat' dir='ltr'>farsi</span> <span class='ocrx_word' id='word_1_238' title='bbox 1139 3053 1433 3127; x_wconf 89' lang='lat' dir='ltr'>coliettivamente,</span> <span class='ocrx_word' id='word_1_239' title='bbox 1449 3049 1481 3112; x_wconf 90' lang='lat' dir='ltr'>le</span> 
     </span>
     <span class='ocr_line' id='line_1_37' title="bbox 370 3157 839 3239; baseline 0.015 -20"><span class='ocrx_word' id='word_1_240' title='bbox 370 3157 547 3222; x_wconf 89' lang='lat' dir='ltr'>adunanze</span> <span class='ocrx_word' id='word_1_241' title='bbox 563 3160 608 3223; x_wconf 88' lang='lat' dir='ltr'>da</span> <span class='ocrx_word' id='word_1_242' title='bbox 623 3161 756 3239; x_wconf 88' lang='lat' dir='ltr'>tenersi,</span> <span class='ocrx_word' id='word_1_243' title='bbox 772 3180 839 3226; x_wconf 91' lang='lat' dir='ltr'>ecc.</span> 
     </span>
    </p>

    <p class='ocr_par' dir='ltr' id='par_1_15' title="bbox 368 3254 1482 4067">
     <span class='ocr_line' id='line_1_38' title="bbox 414 3254 1480 3345; baseline -0.008 -20"><span class='ocrx_word' id='word_1_244' title='bbox 414 3259 512 3343; x_wconf 85' lang='lat' dir='ltr'>Quae</span> <span class='ocrx_word' id='word_1_245' title='bbox 528 3263 663 3345; x_wconf 89' lang='lat' dir='ltr'>quidem</span> <span class='ocrx_word' id='word_1_246' title='bbox 681 3261 826 3340; x_wconf 89' lang='lat' dir='ltr'>Statuta,</span> <span class='ocrx_word' id='word_1_247' title='bbox 841 3281 917 3328; x_wconf 91' lang='lat' dir='ltr'>cum</span> <span class='ocrx_word' id='word_1_248' title='bbox 933 3264 977 3328; x_wconf 90' lang='lat' dir='ltr'>de</span> <span class='ocrx_word' id='word_1_249' title='bbox 993 3262 1033 3326; x_wconf 89' lang='lat' dir='ltr'>iis</span> <span class='ocrx_word' id='word_1_250' title='bbox 1055 3261 1267 3345; x_wconf 88' lang='lat' dir='ltr'>supradictus</span> <span class='ocrx_word' id='word_1_251' title='bbox 1291 3254 1480 3324; x_wconf 83' lang='lat' dir='ltr'>Cardinalis</span> 
     </span>
     <span class='ocr_line' id='line_1_39' title="bbox 370 3362 1480 3450; baseline -0.001 -23"><span class='ocrx_word' id='word_1_252' title='bbox 370 3363 561 3432; x_wconf 77' lang='lat' dir='ltr'>Praefectus</span> <span class='ocrx_word' id='word_1_253' title='bbox 577 3371 619 3432; x_wconf 88' lang='lat' dir='ltr'>ad</span> <span class='ocrx_word' id='word_1_254' title='bbox 635 3369 706 3434; x_wconf 92' lang='lat' dir='ltr'>Nos</span> <span class='ocrx_word' id='word_1_255' title='bbox 719 3370 896 3448; x_wconf 90' lang='lat' dir='ltr'>retulisset,</span> <span class='ocrx_word' id='word_1_256' title='bbox 912 3367 1208 3450; x_wconf 85' lang='lat' dir='ltr'>comprobavimus</span> <span class='ocrx_word' id='word_1_257' title='bbox 1225 3374 1260 3428; x_wconf 90' lang='lat' dir='ltr'>et</span> <span class='ocrx_word' id='word_1_258' title='bbox 1278 3362 1480 3445; x_wconf 80' lang='lat' dir='ltr'>Apostolica</span> 
     </span>
     <span class='ocr_line' id='line_1_40' title="bbox 368 3467 1480 3543; baseline -0.005 -10"><span class='ocrx_word' id='word_1_259' title='bbox 368 3467 583 3535; x_wconf 86' lang='lat' dir='ltr'>Auctoritate</span> <span class='ocrx_word' id='word_1_260' title='bbox 602 3471 727 3536; x_wconf 90' lang='lat' dir='ltr'>Nostra</span> <span class='ocrx_word' id='word_1_261' title='bbox 743 3482 815 3536; x_wconf 91' lang='lat' dir='ltr'>rata</span> <span class='ocrx_word' id='word_1_262' title='bbox 837 3473 1016 3538; x_wconf 90' lang='lat' dir='ltr'>habuimus</span> <span class='ocrx_word' id='word_1_263' title='bbox 1033 3481 1066 3536; x_wconf 87' lang='lat' dir='ltr'>et</span> <span class='ocrx_word' id='word_1_264' title='bbox 1082 3468 1364 3543; x_wconf 88' lang='lat' dir='ltr'>confirmavimus,</span> <span class='ocrx_word' id='word_1_265' title='bbox 1382 3468 1480 3529; x_wconf 87' lang='lat' dir='ltr'>dero-</span> 
     </span>
     <span class='ocr_line' id='line_1_41' title="bbox 368 3574 1480 3659; baseline -0.005 -22"><span class='ocrx_word' id='word_1_266' title='bbox 368 3574 456 3656; x_wconf 85' lang='lat' dir='ltr'>gatis</span> <span class='ocrx_word' id='word_1_267' title='bbox 472 3575 708 3658; x_wconf 84' lang='lat' dir='ltr'>abrogatisque</span> <span class='ocrx_word' id='word_1_268' title='bbox 725 3597 811 3659; x_wconf 88' lang='lat' dir='ltr'>quae</span> <span class='ocrx_word' id='word_1_269' title='bbox 827 3597 926 3658; x_wconf 89' lang='lat' dir='ltr'>super</span> <span class='ocrx_word' id='word_1_270' title='bbox 942 3575 1028 3638; x_wconf 92' lang='lat' dir='ltr'>hanc</span> <span class='ocrx_word' id='word_1_271' title='bbox 1046 3595 1115 3638; x_wconf 90' lang='lat' dir='ltr'>rern</span> <span class='ocrx_word' id='word_1_272' title='bbox 1132 3575 1217 3636; x_wconf 87' lang='lat' dir='ltr'>scita</span> <span class='ocrx_word' id='word_1_273' title='bbox 1232 3581 1375 3652; x_wconf 87' lang='lat' dir='ltr'>actaque</span> <span class='ocrx_word' id='word_1_274' title='bbox 1391 3579 1480 3645; x_wconf 91' lang='lat' dir='ltr'>sunt,</span> 
     </span>
     <span class='ocr_line' id='line_1_42' title="bbox 370 3674 1478 3762; baseline -0.005 -23"><span class='ocrx_word' id='word_1_275' title='bbox 370 3677 570 3742; x_wconf 89' lang='lat' dir='ltr'>nominatim</span> <span class='ocrx_word' id='word_1_276' title='bbox 609 3679 815 3762; x_wconf 86' lang='lat' dir='ltr'>Apostolicis</span> <span class='ocrx_word' id='word_1_277' title='bbox 856 3679 993 3743; x_wconf 89' lang='lat' dir='ltr'>Litteris</span> <span class='ocrx_word' id='word_1_278' title='bbox 1031 3678 1087 3742; x_wconf 90' lang='lat' dir='ltr'>die</span> <span class='ocrx_word' id='word_1_279' title='bbox 1114 3691 1158 3741; x_wconf 87' lang='lat'>111</span> <span class='ocrx_word' id='word_1_280' title='bbox 1192 3674 1350 3742; x_wconf 88' lang='lat' dir='ltr'>Octobris</span> <span class='ocrx_word' id='word_1_281' title='bbox 1387 3691 1478 3736; x_wconf 91' lang='lat' dir='ltr'>anno</span> 
     </span>
     <span class='ocr_line' id='line_1_43' title="bbox 369 3776 1481 3866; baseline -0.006 -21"><span class='ocrx_word' id='word_1_282' title='bbox 369 3795 580 3860; x_wconf 72' lang='lat' dir='ltr'>Muccctxv‚</span> <span class='ocrx_word' id='word_1_283' title='bbox 595 3783 692 3860; x_wconf 88' lang='lat' dir='ltr'>datis,</span> <span class='ocrx_word' id='word_1_284' title='bbox 709 3793 743 3846; x_wconf 92' lang='lat' dir='ltr'>et</span> <span class='ocrx_word' id='word_1_285' title='bbox 754 3783 910 3847; x_wconf 89' lang='lat' dir='ltr'>omnibus</span> <span class='ocrx_word' id='word_1_286' title='bbox 926 3781 1020 3860; x_wconf 89' lang='lat' dir='ltr'>actis,</span> <span class='ocrx_word' id='word_1_287' title='bbox 1030 3801 1117 3866; x_wconf 90' lang='lat' dir='ltr'>quae</span> <span class='ocrx_word' id='word_1_288' title='bbox 1127 3781 1170 3844; x_wconf 90' lang='lat' dir='ltr'>ad</span> <span class='ocrx_word' id='word_1_289' title='bbox 1184 3779 1377 3861; x_wconf 89' lang='lat' dir='ltr'>primariam</span> <span class='ocrx_word' id='word_1_290' title='bbox 1389 3776 1481 3857; x_wconf 84' lang='lat' dir='ltr'>Lug·</span> 
     </span>
     <span class='ocr_line' id='line_1_44' title="bbox 370 3881 1482 3968; baseline -0.004 -21"><span class='ocrx_word' id='word_1_291' title='bbox 370 3885 555 3949; x_wconf 89' lang='lat' dir='ltr'>dunensem</span> <span class='ocrx_word' id='word_1_292' title='bbox 574 3883 868 3950; x_wconf 90' lang='lat' dir='ltr'>Consociationem</span> <span class='ocrx_word' id='word_1_293' title='bbox 881 3895 1045 3968; x_wconf 80' lang='lat' dir='ltr'>spectant</span> <span class='ocrx_word' id='word_1_294' title='bbox 1068 3883 1234 3948; x_wconf 91' lang='lat' dir='ltr'>Volumus</span> <span class='ocrx_word' id='word_1_295' title='bbox 1250 3893 1373 3960; x_wconf 90' lang='lat' dir='ltr'>autem,</span> <span class='ocrx_word' id='word_1_296' title='bbox 1390 3881 1482 3944; x_wconf 90' lang='lat' dir='ltr'>iube-</span> 
     </span>
     <span class='ocr_line' id='line_1_45' title="bbox 372 3985 1482 4067; baseline -0.004 -16"><span class='ocrx_word' id='word_1_297' title='bbox 372 4007 445 4052; x_wconf 89' lang='lat' dir='ltr'>mus</span> <span class='ocrx_word' id='word_1_298' title='bbox 457 3999 494 4053; x_wconf 92' lang='lat' dir='ltr'>ut</span> <span class='ocrx_word' id='word_1_299' title='bbox 505 3987 782 4054; x_wconf 87' lang='lat' dir='ltr'>Consociationes</span> <span class='ocrx_word' id='word_1_300' title='bbox 795 4007 912 4053; x_wconf 89' lang='lat' dir='ltr'>omnes</span> <span class='ocrx_word' id='word_1_301' title='bbox 930 3985 1053 4054; x_wconf 83' lang='lat' dir='ltr'>Sacrae</span> <span class='ocrx_word' id='word_1_302' title='bbox 1067 3987 1230 4052; x_wconf 91' lang='lat' dir='ltr'>Familiae</span> <span class='ocrx_word' id='word_1_303' title='bbox 1241 3986 1482 4067; x_wconf 90' lang='lat' dir='ltr'>cuiuscumque</span> 
     </span>
    </p>
   </div>
   <div class='ocr_carea' id='block_1_8' title="bbox 372 4169 1489 4287">
    <p class='ocr_par' dir='ltr' id='par_1_16' title="bbox 372 4169 1489 4287">
     <span class='ocr_line' id='line_1_46' title="bbox 391 4169 1489 4252; baseline -0.004 -34"><span class='ocrx_word' id='word_1_304' title='bbox 391 4185 421 4252; x_wconf 82' lang='grc' dir='ltr'>Ιι.</span> <span class='ocrx_word' id='word_1_305' title='bbox 436 4173 584 4232; x_wconf 77' lang='lat' dir='ltr'>Indulgenrn</span> <span class='ocrx_word' id='word_1_306' title='bbox 596 4173 667 4220; x_wconf 77' lang='lat' dir='ltr'>toties</span> <span class='ocrx_word' id='word_1_307' title='bbox 677 4176 771 4232; x_wconf 77' lang='lat' dir='ltr'>quoties</span> <span class='ocrx_word' id='word_1_308' title='bbox 791 4174 820 4219; x_wconf 72' lang='grc' dir='ltr'>Δι’</span> <span class='ocrx_word' id='word_1_309' title='bbox 831 4187 874 4232; x_wconf 71' lang='lat'>3⁰⁰</span> <span class='ocrx_word' id='word_1_310' title='bbox 889 4173 976 4233; x_wconf 72' lang='lat' dir='ltr'>giomi</span> <span class='ocrx_word' id='word_1_311' title='bbox 991 4181 1038 4233; x_wconf 77' lang='lat' dir='ltr'>prr</span> <span class='ocrx_word' id='word_1_312' title='bbox 1052 4175 1073 4220; x_wconf 84' lang='lat' dir='ltr'>le</span> <span class='ocrx_word' id='word_1_313' title='bbox 1083 4177 1120 4220; x_wconf 81' lang='lat' dir='ltr'>tre</span> <span class='ocrx_word' id='word_1_314' title='bbox 1137 4174 1213 4225; x_wconf 79' lang='lat' dir='ltr'>unite,</span> <span class='ocrx_word' id='word_1_315' title='bbox 1226 4185 1238 4216; x_wconf 83' lang='lat' dir='ltr'>e</span> <span class='ocrx_word' id='word_1_316' title='bbox 1248 4171 1276 4216; x_wconf 81' lang='lat' dir='ltr'>di</span> <span class='ocrx_word' id='word_1_317' title='bbox 1295 4182 1339 4216; x_wconf 84' lang='lat' dir='ltr'>roo</span> <span class='ocrx_word' id='word_1_318' title='bbox 1348 4169 1433 4226; x_wconf 63' lang='lat' dir='ltr'>rioms·</span> <span class='ocrx_word' id='word_1_319' title='bbox 1439 4175 1489 4228; x_wconf 71' lang='lat' dir='ltr'>per</span> 
     </span>
     <span class='ocr_line' id='line_1_47' title="bbox 372 4255 496 4287; baseline -0.008 0"><span class='ocrx_word' id='word_1_320' title='bbox 372 4255 496 4287; x_wconf 72' lang='lat' dir='ltr'>crasruna.</span> 
     </span>
    </p>
   </div>
   <div class='ocr_carea' id='block_1_9' title="bbox 401 4309 823 4371">
    <p class='ocr_par' dir='ltr' id='par_1_17' title="bbox 401 4309 823 4371">
     <span class='ocr_line' id='line_1_48' title="bbox 401 4309 823 4371; baseline 0.007 -17"><span class='ocrx_word' id='word_1_321' title='bbox 401 4309 448 4354; x_wconf 86' lang='lat' dir='ltr'>Pio</span> <span class='ocrx_word' id='word_1_322' title='bbox 459 4309 528 4369; x_wconf 81' lang='lat' dir='ltr'>Papa</span> <span class='ocrx_word' id='word_1_323' title='bbox 546 4309 601 4362; x_wconf 86' lang='lat' dir='ltr'><em>VII.</em></span> <span class='ocrx_word' id='word_1_324' title='bbox 615 4310 647 4356; x_wconf 80' lang='lat'>28</span> <span class='ocrx_word' id='word_1_325' title='bbox 655 4311 746 4371; x_wconf 80' lang='lat' dir='ltr'>Aprile</span> <span class='ocrx_word' id='word_1_326' title='bbox 755 4310 823 4370; x_wconf 78' lang='lat'><em>1807.</em></span> 
     </span>
    </p>
   </div>
   <div class='ocr_carea' id='block_1_10' title="bbox 0 0 1640 4888">
    <p class='ocr_par' dir='ltr' id='par_1_18' title="bbox 0 0 1640 4888">
     <span class='ocr_line' id='line_1_49' title="bbox 0 0 1640 4888; baseline 0 0"><span class='ocrx_word' id='word_1_327' title='bbox 0 0 1640 4888; x_wconf 95' lang='lat' dir='ltr'> </span> 
     </span>
    </p>
   </div>
  </div>
 </body>
</html>
