3296 4886
270 278 323 328 oa
350 277 568 329 sanctione
594 276 831 329 moscasruu
858 277 899 328 rx
928 277 1114 328 anasum.
1196 259 1242 346 63

130 431 193 493 erit
209 426 428 492 difficultates
441 427 611 508 expedire,
622 426 750 489 diluere
759 435 818 488 aut
834 444 1044 508 componere.
1056 425 1108 488 Ea
1120 427 1244 508 pariter
1278 452 1413 544 aea²r⁷rrs

130 534 201 596 sive
216 532 263 597 ad
280 532 360 608 iura,
376 531 447 594 sive
463 531 505 595 ad
530 529 654 606 munia,
666 530 736 593 sive
751 529 794 594 ad
811 549 863 592 res
880 529 1001 594 intuitu
1018 531 1243 595 ecclesiastico
1308 551 1382 614 τεῳ.

131 636 347 720 pertinentia,
357 653 444 716 quae
455 634 487 696 in
499 633 667 717 praesenti
679 632 806 696 Nostra
818 631 1067 698 Constitutione
1083 653 1244 716 expressa
1264 671 1383 727 pm,

132 758 200 802 non
217 749 306 818 sunt,
320 737 486 816 volumus,
501 737 592 820 quod
617 737 714 800 iuxta
733 735 920 800 catholicae
934 736 1105 802 Ecclesiae
1120 737 1243 804 doctri·
1269 731 1423 865 mezi?

131 862 211 906 narn
237 843 376 925 eiusque
404 841 617 925 disciplinam
643 841 687 905 ab
715 839 916 922 Apostolica
943 839 1033 905 Sede
1060 842 1242 908 admissam
1269 863 1423 915 statuamus-

130 944 329 1026 regulariter
344 943 460 1010 haberi
476 953 511 1008 et
541 944 691 1007 exerceri
707 943 863 1022 debeant,
878 951 980 1025 atque
1007 944 1242 1012 administrari.
1262 924 1386 1042 {ww

129 1047 288 1134 'landem
305 1049 332 1112 si
348 1067 510 1114 novarum
529 1047 742 1112 Dioecesium
756 1046 892 1123 bonum,
904 1057 962 1110 aut
972 1047 1106 1129 publica
1117 1050 1243 1114 utilitas
1332 1029 1338 1044 ⁸

128 1152 231 1216 aliam
260 1171 384 1216 novam
409 1152 639 1236 inposterum
665 1151 782 1233 exigat
806 1150 1158 1233 circumscriptionem,
1185 1164 1244 1220 aut
1307 1160 1396 1238 Juera

128 1255 280 1340 aliquam
296 1255 551 1331 detractionem,
566 1253 659 1316 nulla
675 1253 777 1316 etiam
798 1253 930 1317 adiecta
946 1255 1135 1320 territoriali
1152 1277 1242 1320 com·
1270 1225 1411 1342 502ssst

128 1361 340 1444 pensatione,
352 1360 385 1423 id
397 1360 581 1442 peragendi
594 1360 729 1441 plenam
751 1368 785 1422 et
801 1358 941 1422 liberam
959 1359 1066 1424 Nobis
1083 1371 1117 1425 et
1132 1362 1241 1428 eidem
1269 1356 1334 1467 ᾖδε
1348 1357 1423 1470 ᾗιᾶὺ

129 1465 354 1548 Apostolicae
384 1461 465 1530 Sedi
492 1481 699 1528 reservamus
727 1461 932 1527 facultatem.
959 1463 1055 1528 Haec
1079 1465 1243 1548 volumus,
1270 1430 1380 1537 afim

127 1571 311 1634 statuimus
328 1576 431 1651 atque
454 1567 632 1644 sancimus,
648 1567 866 1631 decernentes
889 1576 1083 1649 praesentes
1100 1570 1242 1634 Nostras
1269 1559 1421 1684 mm

128 1673 278 1738 Litteras
295 1674 375 1737 etin
392 1672 440 1736 eis
456 1681 616 1736 contenta
628 1689 870 1754 quaecumque,
886 1668 979 1734 nullo
996 1692 1144 1754 unquam
1157 1682 1242 1738 tem·
1269 1681 1314 1730 bus
1322 1682 1422 1734 hicnon

127 1797 212 1862 pore
229 1797 275 1840 ex
291 1795 504 1859 quocumque
516 1774 689 1855 capite,vel
702 1775 820 1856 quavis
836 1792 879 1836 ex
896 1793 1014 1838 caussa
1025 1777 1242 1858 quantumvis
1270 1748 1397 1878 ίξζζῖξζζ

130 1881 283 1958 iuridica,
294 1880 444 1962 legitima
459 1887 494 1942 et
518 1878 738 1962 privilegiata,
761 1879 863 1943 etiam
881 1899 925 1940 ex
941 1898 982 1942 eo
998 1879 1088 1962 quod
1105 1899 1242 1944 caussae
1271 1878 1402 1940 pontifice

132 1993 275 2068 propter
290 2002 374 2066 quas
401 1983 584 2065 praemissa
600 1983 714 2046 omnia
740 1990 950 2057 emanarunt,
967 1982 1144 2060 adductae,
1159 1985 1242 2048 veri·
1268 1951 1421 2076 pm

130 2083 265 2163 ficatae,
279 2093 315 2149 et
329 2083 529 2150 iustificatae
539 2104 606 2148 non
616 2083 749 2162 luerint,
764 2085 807 2148 de
823 2083 1048 2167 subreptionis
1058 2085 1110 2150 vel
1123 2089 1242 2172 obrep·
1269 2075 1400 2190 fflc‘em’
1416 2117 1419 2121 ·

126 2195 233 2258 tionis
249 2202 307 2258 aut
324 2193 486 2258 nullitatis
502 2193 593 2270 vitio,
608 2213 666 2257 seu
693 2194 889 2256 intentionis
912 2192 1065 2272 Nostrae,
1086 2205 1145 2259 aut
1160 2217 1242 2280 quo·
1270 2205 1338 2254 sium
1372 2207 1421 2283 fir·

129 2297 215 2362 libet
231 2297 299 2361 alio
313 2297 536 2373 substantiali,
551 2295 879 2375 substantialissimo,
895 2315 937 2360 ac
946 2298 1126 2380 specialem
1144 2310 1178 2365 et
1193 2301 1242 2364 in·
1264 2286 1386 2398 mmm-

127 2401 306 2467 dividuam
324 2403 530 2466 mentionem
563 2411 597 2466 et
612 2400 864 2482 expressionem
894 2402 1082 2484 requirente
1097 2404 1242 2484 deiectu,
1262 2407 1390 2466 prragere.

126 2525 189 2570 seu
204 2506 306 2569 etiam
322 2525 420 2569 exeo
435 2505 525 2588 quod
539 2507 572 2568 in
584 2505 785 2586 praemissis,
800 2524 984 2588 eorumque
997 2505 1109 2590 aliquo
1119 2509 1240 2572 solem·
1301 2569 1334 2618 H
1376 2568 1409 2616 us

127 2609 255 2672 nitates
271 2618 305 2672 et
320 2608 459 2691 quaevis
486 2609 552 2672 alia
580 2608 744 2672 servanda
760 2615 794 2672 et
809 2607 1035 2689 adimplenda,
1051 2621 1183 2676 servata
1206 2624 1240 2678 et
1266 2583 1358 2692 aerae?
1373 2596 1419 2691 fir:

126 2712 318 2793 adimpleta
349 2731 416 2775 non
444 2711 576 2788 suerint,
606 2721 665 2775 aut
695 2730 741 2774 ex
772 2729 985 2795 quocumque
1022 2713 1089 2777 alio
1119 2717 1239 2798 eapite,
1267 2713 1420 2814 {22¹⁶ssAEss-

126 2813 251 2891 colore,
264 2814 317 2878 vel
334 2822 525 2896 praetextu,
549 2813 682 2896 aliaque
697 2814 827 2878 ratione
842 2814 893 2878 vel
921 2835 1048 2894 caussa,
1063 2819 1164 2882 etiam
1180 2819 1240 2883 tali
1266 2828 1319 2889 das,

126 2937 216 3000 quae
232 2919 274 2982 ad
292 2915 450 2981 effectum
467 2915 650 2982 validitatis
675 2917 869 2982 earumdem
885 2921 1111 3000 praesentium
1129 2940 1241 2985 neces·

124 3022 218 3086 sario
230 3021 316 3086 loret
334 3021 568 3104 exprimenda,
584 3021 702 3098 notari,
722 3023 922 3105 impugnari,
937 3022 1122 3102 invalidari,
1141 3025 1174 3088 in
1192 3026 1243 3090 ius

125 3125 181 3193 vel
192 3127 453 3191 controversiam
463 3126 648 3204 vocari,aut
659 3125 701 3189 ad
712 3127 802 3193 viam
813 3135 847 3190 et
858 3127 1020 3191 terminos
1031 3130 1110 3193 iuris
1120 3130 1244 3207 reduci,

123 3251 188 3296 seu
199 3233 360 3296 adversus
376 3230 449 3294 illas
465 3231 701 3314 quodcumque
718 3231 797 3294 iuris
811 3230 863 3294 vel
874 3230 1027 3308 sacti‚vel
1039 3235 1168 3314 gratiae
1184 3243 1242 3300 aut

123 3335 276 3400 iustitiae
292 3334 477 3398 remedium
494 3334 675 3416 impetrari,
692 3334 745 3396 vel
762 3333 864 3398 etiarn
883 3333 980 3398 Motu
998 3337 1070 3416 pari
1081 3357 1242 3404 concesso
1286 3379 1290 3384 -

123 3449 160 3504 et
178 3437 360 3521 impetrato
375 3438 569 3529 quempiam
587 3438 636 3501 uti
655 3457 713 3500 seu
730 3458 766 3501 se
783 3437 887 3500 iuvari
905 3457 1004 3519 posse
1017 3438 1050 3502 in
1067 3439 1192 3505 iudicio
1207 3453 1240 3506 et

123 3551 227 3608 extra
247 3542 339 3621 illud,
362 3561 401 3606 ac
417 3543 553 3606 easdem
582 3549 775 3623 praesentes
791 3541 853 3604 sub
881 3541 1054 3624 quibusvis
1071 3543 1242 3623 similium,

122 3645 180 3712 vel
203 3645 419 3711 dissimilium
438 3643 623 3727 gratiarum
652 3645 928 3723 revocationibus,
956 3647 1241 3728 suspensionibus,

122 3749 395 3826 limitationibus,
410 3747 696 3830 derogationibus,
723 3757 783 3813 aut
799 3748 873 3812 aliis
898 3751 1072 3814 contrariis
1098 3753 1240 3835 disposi-

121 3855 275 3921 tionibus
290 3872 351 3934 per
366 3871 595 3934 quascumque
611 3851 740 3916 litteras
756 3861 789 3917 et
812 3853 1071 3918 constitutiones
1091 3855 1241 3937 Aposto-

122 3960 217 4036 licas,
232 3965 290 4020 aut
307 3953 536 4020 cancellariae
554 3953 773 4038 Apostolicae
789 3954 921 4036 regulas
938 3957 1056 4033 editas,
1069 3957 1122 4020 vel
1138 3959 1240 4022 eden·

122 4065 187 4127 das
204 4060 345 4124 minime
371 4057 609 4141 comprehendi
625 4057 677 4122 vel
709 4057 880 4136 conlundi,
906 4079 964 4122 seu
980 4060 1240 4141 comprehensas

121 4175 184 4230 aut
199 4163 359 4229 confusas
373 4161 443 4226 ullo
458 4163 562 4227 modo
571 4163 707 4242 censeri,
722 4162 782 4226 sed
798 4181 931 4244 semper
943 4163 986 4226 ab
1002 4155 1066 4226 illis
1082 4165 1242 4246 excipiet

123 4268 261 4354 quoties
277 4267 355 4331 illae
371 4267 587 4344 emanabunt,
597 4267 698 4330 toties
710 4267 744 4329 in
758 4265 934 4349 pristinum
948 4275 982 4330 et
994 4266 1241 4347 validissimum
