3250 4888
330 313 380 362 DE
407 311 706 364 CONSTITUENDO
735 313 903 362 PRIMATE
931 313 965 363 Ο.
987 314 1016 365 8.
1038 315 1069 363 Β.
1182 310 1248 382 173

155 445 160 464 ⁶
190 467 285 530 Haec
303 467 415 548 itaque
436 467 529 543 scita,
550 473 687 541 statuta,
712 465 847 528 decreta
872 465 1089 529 Familiarum
1108 465 1250 529 Benedi-
1310 483 1399 570 11ng

143 571 309 633 ctinorum
331 579 525 646 atratorum,
551 569 703 631 universa
719 579 753 631 et
778 569 919 650 singula,
936 570 983 632 uti
1008 589 1108 650 supra
1128 570 1251 651 scripta
1319 581 1391 644 1895-

143 675 230 750 su'nt,
246 675 338 738 omni
355 694 399 736 ex
416 684 511 756 parte
528 673 709 756 probamus
737 683 770 736 et
797 673 1035 737 confirmamus
1052 675 1252 738 auctoritate
1313 697 1381 744 Ha„
1392 695 1430 745 de-

39 807 41 811 ·
145 779 269 844 Nostra
285 778 690 860 Apostolica,eaquevim
708 778 790 860 legis
807 778 959 842 obtinere
975 779 1138 856 iubemus,
1150 798 1251 862 quam
1279 761 1432 890 malem
1551 815 1557 838 ‚,
1582 757 1616 810 ³³3

142 883 335 967 praedictae
353 883 498 945 familiae
514 903 631 946 omnes
649 893 813 964 perpetuo
835 903 965 946 servare
982 893 1169 958 teneantur,
1185 903 1252 945 non
1279 892 1428 942 habeantur.

141 986 358 1051 obstantibus
374 987 681 1064 constitutionibus,
698 988 851 1064 decretis,
867 988 1060 1070 privilegiis,
1075 996 1252 1051 consuetu-

142 1092 231 1167 dine,
263 1093 448 1174 ceterisque
478 1092 651 1155 contrariis
683 1091 962 1174 quibuscumque,
1000 1090 1078 1154 licet
1116 1089 1252 1171 speciali

143 1197 316 1261 mentione
332 1197 452 1279 dignis,
470 1197 590 1279 quibus
615 1197 657 1260 ad
686 1195 842 1260 effectum
869 1197 1096 1278 praesentium
1114 1194 1253 1276 perinde

142 1301 343 1384 derogatum
360 1301 514 1364 volumus
531 1301 613 1364 acsi
631 1311 727 1364 tenor
743 1319 858 1364 eorum
875 1301 918 1362 de
933 1299 1037 1362 verbo
1053 1299 1095 1362 ad
1112 1295 1251 1361 verbum

141 1405 209 1468 huc
224 1413 313 1468 esset
326 1406 479 1468 insertus.
1045 1391 1047 1394 ⁵

190 1507 366 1570 Praeterea
392 1527 467 1570 cum
496 1507 593 1571 iuxta
618 1515 746 1570 statuta
763 1517 796 1570 et
812 1507 947 1572 decreta
970 1505 1150 1587 praedicta,
1167 1524 1253 1587 quae
1280 1517 1361 1568 Abbas
1371 1517 1429 1565 Pri-

141 1610 941 1690 confirmavimus,confoederationiFamiliarum
958 1610 1252 1676 Benedictinorum
1278 1583 1415 1714 2¹:22?ss

142 1725 329 1778 atratorum
348 1713 590 1796 praeficiendus
601 1716 643 1779 sit
657 1715 776 1780 Abbas
790 1715 917 1778 Primas
934 1715 990 1798 qui
1007 1714 1107 1776 simul
1124 1713 1254 1776 iuturus

142 1821 187 1883 sit
216 1819 334 1883 Abbas
355 1819 503 1902 ¹Collegii
530 1821 563 1886 S.
593 1820 749 1884 Anseimi
777 1822 819 1884 de
849 1821 951 1897 Urbe,
967 1820 1030 1883 hac
1051 1821 1158 1901 prima
1174 1819 1255 1895 vice,

145 1932 239 1987 motu
268 1923 404 2005 proprio
431 1936 463 1986 et
489 1925 691 1988 auctoritate
719 1923 855 2000 Nostra,
884 1925 1075 1998 Primatem,
1102 1924 1255 2006 adeoque

145 2025 320 2089 Abbatem
350 2025 384 2090 S.
412 2026 578 2102 Anselmi,
602 2027 757 2110 eligimus
784 2036 817 2090 et
842 2028 1078 2092 constituimus
1095 2027 1254 2091 dilectum

149 2127 271 2192 Filium
291 2129 560 2194 Hildebrandum
581 2130 800 2212 Hemptinne,
818 2130 988 2194 Abbatem
1015 2129 1256 2194 Maredsolien-

147 2251 218 2296 sern
244 2253 263 2296 e
287 2233 560 2316 Congregatione
588 2234 804 2311 Beuronensi,
828 2234 922 2298 cuius
948 2233 1094 2298 officium
1111 2255 1132 2297 a
1149 2233 1257 2297 Nobis

147 2335 307 2401 collatum
325 2337 453 2400 tamdiu
471 2335 514 2400 sit
530 2337 735 2412 duraturum,
751 2338 913 2418 quamdiu
932 2337 1039 2403 Nobis
1065 2347 1098 2400 et
1123 2337 1256 2400 Nostris

148 2443 181 2505 in
193 2439 255 2504 hac
269 2439 397 2505 Sancta
411 2441 501 2505 Sede
510 2441 759 2504 successoribus
770 2441 939 2522 placuerit.

193 2545 350 2609 Ceterum
369 2563 427 2623 per
442 2541 748 2625 Congregationem
776 2542 935 2606 Nostram
953 2543 1097 2626 negotiis
1115 2541 1255 2624 Episco-
1323 2585 1397 2651 sm
1407 2592 1433 2634 a

148 2663 266 2731 porum
298 2655 332 2710 et
365 2646 583 2728 Regularium
614 2647 841 2729 praepositam
874 2667 1024 2710 seorsum
1056 2645 1257 2710 definientur
1282 2651 1421 2766 qffi‘iaAb-

438 2751 445 2764 .
661 2750 668 2763 .
980 2751 987 2764 .
1145 2750 1152 2762 ·
1234 2750 1241 2764 .
1297 2719 1347 2766 atis
1358 2717 1416 2765 Pri-

147 2749 321 2816 enucleate
337 2749 521 2832 peculiares
540 2769 625 2832 quae
642 2759 708 2812 sint
725 2759 836 2830 partes
859 2769 1005 2814 muneris
1023 2751 1171 2813 Abbatrs
1188 2751 1256 2814 Prr-
1284 2783 1360 2832 mm,
1370 2798 1386 2830 a

149 2857 258 2930 matis,
274 2873 428 2936 quaeque
444 2853 626 2935 singularia
643 2854 713 2916 eius
731 2854 802 2917 iura
819 2863 853 2917 et
868 2849 979 2917 officia
995 2873 1075 2935 erga
1093 2852 1255 2918 Ordinem
1286 2849 1422 2926 cjongrega..
1476 2849 1482 2860 '

148 2959 353 3036 universum,
369 2965 406 3020 ut
421 2976 461 3020 ea
477 2967 625 3021 servetur
652 2956 870 3020 Familiarum
894 2958 1047 3022 omnium
1063 2957 1257 3021 coniunctio
1279 2913 1417 3042 militem

147 3065 190 3128 ad
207 3082 309 3146 quam
327 3061 400 3126 eius
416 3060 562 3124 intendit
576 3059 754 3124 institutio.
1281 3049 1364 3108 postea
1375 3044 1433 3109 ΑΨ·

195 3166 333 3231 Interim
361 3183 465 3247 quum
491 3163 592 3226 simul
619 3173 715 3226 vetus
743 3165 908 3248 sapientia
924 3166 1046 3228 doceat
1074 3185 1125 3228 res
1152 3166 1255 3227 etiam
1420 3225 1425 3237 ,

147 3283 275 3348 tenues,
286 3271 410 3334 nedum
424 3269 629 3352 grandiores,
638 3269 819 3332 concordia
829 3287 983 3344 crescere,
994 3279 1027 3331 et
1040 3269 1162 3334 divinis
1172 3267 1256 3332 cele·
1286 3224 1435 3354 pamm

148 3377 263 3440 bretur
290 3373 432 3456 eloquiis
459 3373 626 3437 concordia
644 3375 810 3454 fratrum,
837 3383 954 3456 utpote
978 3373 1120 3455 probata
1148 3393 1256 3438 coram
1284 3356 1423 3484 tapasqpn·

148 3479 219 3544 Deo
238 3488 270 3542 et
284 3476 532 3559 hominibus(¹),
542 3477 632 3542 haud
650 3478 818 3544 immerito
835 3477 903 3542 sore
914 3475 1114 3541 confidimus
1125 3487 1162 3540 ut
1174 3477 1256 3540 haec
1279 3437 1347 3536 {raim
1362 3487 1435 3536 unio-

146 3579 341 3645 coniunctio
358 3579 503 3662 partium
520 3581 672 3644 omnium
691 3579 829 3645 Ordinis
847 3579 1053 3645 meritissimi
1070 3599 1136 3642 non
1155 3581 1257 3644 modo
1284 3554 1420 3667 mgna

147 3685 191 3748 ad
208 3683 278 3746 eius
295 3682 397 3746 decus
409 3692 443 3746 et
455 3682 713 3765 amplitudinem
727 3683 886 3761 conserat,
898 3685 956 3748 sed
973 3686 1075 3749 etiam
1088 3683 1256 3748 fructuum
1285 3685 1333 3733 ‘⁰1²'
1342 3683 1439 3732 Ordim·

146 3808 232 3872 quos
245 3785 360 3851 efferet
373 3787 527 3851 ubertate
539 3788 726 3852 commodis
744 3789 916 3854 Ecclesiae
926 3799 959 3854 et
971 3791 1073 3854 totius
1089 3789 1257 3854 humanae
1276 3749 1411 3813 suturam.

146 3890 328 3968 societatis,
345 3890 539 3972 adspirante
556 3891 641 3966 Deo,
658 3891 862 3958 beneventat.

195 3993 322 4074 Datum
352 3993 483 4058 Romae
509 3995 599 4076 apud
634 3993 667 4060 S.
695 3994 828 4059 Petrum
854 3996 917 4059 sub
951 3996 1052 4059 anulo
1081 3995 1257 4060 Piscatoris

149 4100 205 4164 die
222 4111 276 4161 ΧΠ
296 4099 370 4162 Iulii
389 4111 618 4174 MDCCCXCIH,
636 4099 854 4164 Pontificatus
883 4099 997 4163 Nostri
1021 4121 1111 4162 anno
1126 4100 1258 4163 decimo

149 4213 258 4268 sexto.
412 4219 418 4234 ·
723 4203 765 4268 A.
790 4203 904 4270 Canu.
929 4203 1170 4268 SERAFINI.

182 4359 202 4391 ι.
223 4345 309 4396 Eccit,
323 4353 385 4394 xxv.
401 4357 419 4395 r,
433 4357 454 4388 a.

1285 3111 1399 3158 nienlur.
1484 3119 1489 3172 μ’
1504 3091 1543 3126 *⁵⁸
1560 3155 1562 3162 ,
