3216 4880
432 321 503 390 332
786 321 909 372 INDEX
937 323 1188 376 nunnxrrcus

431 465 493 534 lege
506 464 580 519 civili
592 465 708 535 junctis,
722 467 855 523 Ecclesia
867 468 1020 538 impeditur
1027 469 1165 539 judicare,
1177 485 1283 538 magno
1293 485 1405 524 morum
1412 466 1515 538 periculo

434 567 444 606 t
450 565 491 622 50.
505 581 541 592 —
554 553 638 624 Cogit
650 554 695 608 lex
704 554 751 610 illa
761 565 849 611 testes
860 557 962 612 occulti
976 557 1149 612 matrimonii
1160 558 1321 627 proditores
1331 572 1415 626 agere
1425 573 1432 620 ;
1444 571 1515 609 sacer·

429 643 513 698 dotes
530 660 597 698 vero
610 643 769 700 animarum
787 646 871 700 saluti
890 649 1081 716 consulentes,
1095 647 1228 717 gravibus
1240 647 1342 718 poenis
1352 646 1444 702 afficit.
1457 647 1517 698 Duru

429 733 550 786 multum
575 731 661 787 hodie
685 733 723 787 de
739 733 833 803 legum
851 735 1002 792 severitate
1027 737 1188 806 remittitur,
1207 735 1288 805 pejor
1306 735 1337 791 fir
1363 734 1479 788 fidelium
1498 743 1518 786 et

430 820 611 875 sacerdotum
625 819 752 876 conditio
767 835 891 892 rso-151.
904 853 938 863 -
951 824 1103 880 Concludit
1114 824 1243 880 Pontifex
1255 825 1319 892 lege
1331 824 1381 878 illa
1394 820 1519 878 Ecclesiae

429 917 458 963 et
470 907 575 962 civium
585 909 650 978 jura
661 910 811 980 bonosque
824 926 919 966 mores
933 912 1016 979 laedi,
1029 929 1142 967 necnon
1159 911 1367 968 dissentionem
1382 909 1519 965 Ecclesiam

429 994 504 1050 inter
528 1006 556 1050 et
580 995 728 1052 civitatem
750 999 851 1053 nutriri
876 1015 885 1052 r
893 1013 934 1070 51·
957 1029 989 1038 -
1005 1000 1144 1072 Episcopi
1156 1001 1229 1070 legis
1241 1000 1382 1056 malitiam
1397 997 1521 1054 Fidelibus

430 1079 636 1150 demonstrent,
646 1099 753 1155 eosque
763 1084 802 1140 ad
812 1086 904 1156 ipsam
915 1086 1139 1156 impugnandam
1149 1087 1336 1142 adhortentur
1347 1099 1406 1156 ¹5¹·
1416 1115 1449 1126 -
1456 1085 1521 1139 Clero

430 1183 483 1221 suo
505 1169 676 1225 imitandum
697 1184 860 1243 proponant
885 1177 1045 1246 exemplum
1066 1175 1181 1244 Christi,
1194 1175 1242 1246 qui
1255 1175 1384 1230 animam
1397 1191 1472 1230 suam
1483 1187 1521 1242 pro

429 1253 530 1310 ovibus
544 1257 639 1326 posuit
656 1271 779 1330 151-152.

463 1346 515 1396 28.
530 1349 752 1400 LITTERAE
767 1351 1057 1403 apostol-tenta:
1072 1353 1112 1402 de
1126 1353 1247 1404 Ordine
1265 1353 1452 1404 cistercien·

428 1434 517 1483 stum
537 1435 792 1486 reformatorum
811 1437 925 1488 beatae
948 1441 1074 1490 Martae
1096 1441 1242 1502 virginis
1264 1441 1305 1490 de
1323 1441 1453 1500 Trappa

429 1522 669 1572 constituendo.
691 1549 726 1558 -
745 1523 781 1574 17
801 1526 916 1576 Martil
937 1527 1026 1577 1893.
1387 1536 1451 1592 pag·
1486 1529 1522 1586 153

466 1604 591 1660 Sanctae
604 1605 688 1661 Sedis
701 1618 837 1665 constans
850 1609 903 1666 fuit
916 1610 1078 1666 sollicitudo
1097 1627 1164 1680 erga
1178 1610 1326 1681 religiosas
1346 1607 1466 1664 familias
1479 1619 1522 1675 153.

430 1716 466 1728 -
477 1689 524 1745 Ab
545 1691 607 1760 ipsa
621 1692 744 1747 Romam
757 1682 905 1750 convocati
920 1697 1087 1766 Superiores
1101 1697 1284 1768 Trappenses
1297 1695 1428 1749 omnium
1446 1694 1522 1747 obser·

328 1811 332 1818 ι
430 1780 598 1846 vantiarum,
612 1781 704 1850 prima
723 1781 840 1837 comitia
861 1785 1006 1853 generalia
1029 1785 1218 1848 celebrarunt,
1233 1783 1336 1855 quibus
1356 1782 1460 1853 optime
1478 1791 1521 1833 tum

430 1867 466 1923 de
480 1867 611 1923 Ecclesia
624 1880 684 1924 tum
692 1871 728 1925 de
741 1889 792 1926 suo
806 1872 907 1928 ordine
919 1873 1012 1928 meriti
1022 1883 1088 1928 suut
1102 1887 1226 1943 153·154.
1235 1903 1269 1912 -
1280 1873 1367 1927 Plura
1380 1881 1443 1926 sunt
1452 1867 1522 1924 inillis

428 1956 551 2010 comitiis
565 1960 719 2028 proposita,
728 1977 802 2030 quae
821 1961 978 2030 perpendet
996 1962 1070 2016 intra
1083 1977 1191 2016 annum
1209 1957 1404 2031 congregatio
1423 1957 1522 2026 Regula·

429 2043 500 2096 rium
513 2063 520 2108 3
544 2045 579 2099 de
592 2047 656 2100 aliis
667 2047 727 2116 jam
748 2048 892 2117 provisum
906 2058 959 2117 est,
972 2059 1000 2102 et
1014 2058 1121 2103 statuta
1134 2047 1258 2103 citantur
1273 2059 1400 2116 154-155.
1413 2076 1446 2085 -
1460 2046 1521 2097 Prae·
1569 2093 1570 2134 ἢ

429 2140 525 2185 sentes
539 2131 651 2186 litterae
665 2133 763 2188 firmae
774 2145 910 2206 rataeque
923 2136 1083 2190 habeantur
1100 2137 1156 2204 156.

465 2223 517 2285 29.
544 2225 754 2276 EPISTOLA
777 2229 819 2277 ad
842 2229 938 2278 Card.
961 2224 1103 2277 Glbbous
1125 2224 1271 2289 archiep.
1290 2227 1453 2276 Baltimo-

431 2307 558 2344 rensem
579 2297 619 2345 de
633 2297 752 2347 scholis
764 2301 907 2361 publlcts
921 2303 954 2347 tn
971 2301 1134 2348 Amerina.
1156 2323 1192 2333 —
1205 2299 1241 2348 31
1257 2299 1341 2348 Maii
1362 2297 1450 2348 1893.

1391 2398 1451 2450 pag.
1486 2389 1520 2444 137

466 2466 521 2521 Pro
544 2469 744 2524 benevolentia
765 2487 816 2524 sua
838 2487 905 2540 erga
929 2469 1092 2526 Ecclesiam
1113 2469 1273 2536 Americae,
1295 2469 1427 2524 Pontifex
1451 2479 1523 2534 nuper

429 2554 592 2623 delegatum
608 2556 692 2626 misit,
705 2557 868 2612 adfuturum
882 2558 999 2612 nomine
1013 2558 1041 2612 S.
1056 2557 1139 2612 Sedis
1153 2557 1181 2611 in
1207 2557 1391 2611 dedicatione
1403 2551 1520 2624 amplissi-

430 2656 494 2695 mae
508 2643 609 2711 copiae
623 2659 716 2696 rerum
730 2643 758 2696 in
768 2645 836 2698 urbe
847 2643 974 2712 Chicago
984 2643 1214 2712 expositae,acin
1225 2643 1341 2698 civitate
1351 2642 1520 2707 tvashingur

430 2728 528 2782 sedem
546 2731 750 2785 collocaturum
771 2731 964 2802 permanentis
987 2731 1178 2801 delegationis
1191 2731 1379 2802 apostolicae,
1392 2724 1520 2799 cujusqui·

430 2815 497 2870 dem
507 2818 665 2872 uberrimos
678 2819 738 2874 fore
751 2819 858 2874 fructus
871 2819 989 2874 conlidit
1006 2832 1063 2888 157.
1078 2847 1111 2857 -
1126 2818 1298 2874 Mandatum
1311 2819 1409 2886 legato
1421 2815 1490 2870 dedit
1500 2822 1521 2864 ut

430 2920 516 2958 omne
528 2906 706 2974 extingueret
719 2906 870 2961 dissidium
885 2908 921 2961 de
934 2907 1095 2962 catholicae
1112 2907 1270 2978 juventutis
1281 2905 1457 2961 institutione
1475 2913 1521 2969 157·
1568 2929 1569 2932 ¹

433 2991 490 3060 158.
504 3021 539 3030 —
550 2993 613 3046 Hac
626 2993 662 3047 de
676 3010 705 3048 re
717 2995 754 3050 ab
767 2993 999 3064 Archiepiscopis
1013 3005 1079 3048 acta
1091 2995 1121 3049 in
1131 2995 1159 3047 N
1161 2993 1389 3049 eoEboracensi
1403 2997 1521 3046 conventu

429 3079 559 3148 probavit
572 3083 690 3150 legatus,
703 3098 737 3137 ac
750 3081 899 3137 confirmat
910 3083 1038 3137 Pontifex
1055 3083 1113 3152 158.
1127 3111 1161 3122 -
1173 3081 1420 3153 Propositionibus
1432 3079 1521 3135 adrem

429 3163 619 3222 dirimendam
632 3185 650 3222 a
668 3169 762 3236 legato
779 3169 969 3237 concinnatis,
982 3171 1086 3224 allatae
1105 3170 1217 3224 fuerunt
1237 3171 1274 3225 ab
1293 3169 1368 3238 ipso,
1381 3166 1521 3238 petentibus

431 3251 622 3324 Praesulibus,
631 3257 772 3325 quaedam
786 3257 994 3314 declarationes
1008 3269 1036 3312 et
1049 3257 1269 3312 emendationes
1284 3258 1343 3326 158.
1357 3285 1391 3295 -
1407 3254 1461 3310 Illis
1473 3267 1520 3323 pro·

430 3340 619 3410 positionibus
632 3345 794 3414 importune
808 3346 837 3400 in
855 3347 956 3414 vulgus
971 3345 1064 3415 editis,
1077 3347 1218 3416 novisque
1231 3347 1299 3400 inde
1312 3345 1419 3400 exortis
1431 3355 1520 3399 contro

430 3429 539 3497 versiis,
559 3430 736 3499 singulorum
756 3433 924 3488 Antistitum
940 3435 994 3489 hac
1012 3436 1049 3488 de
1062 3449 1092 3489 re
1101 3434 1243 3505 judicium
1257 3433 1389 3488 Pontifex
1403 3425 1521 3503 quaesivit

433 3527 442 3566 1
450 3514 696 3584 58·159.·-Variis
705 3517 850 3588 responsis
859 3520 1127 3590 acceptis,declarat
1137 3519 1201 3574 illas
1210 3518 1522 3588 interpretationesque

429 3601 552 3669 delegati
567 3603 778 3671 propositiones
802 3605 831 3658 in
845 3607 1090 3660 sensum'trahunt
1104 3606 1229 3661 alienum
1242 3623 1260 3660 a
1270 3605 1424 3678 disciplina
1433 3599 1521 3660 saneim

429 3687 458 3740 in
472 3690 583 3756 synodo
596 3691 806 3761 Ealtimorensi,
814 3694 924 3748 alienas
937 3694 1055 3748 omnino
1067 3711 1132 3749 esse
1143 3712 1162 3749 a
1182 3705 1280 3750 mente
1290 3693 1422 3764 delegati,
1430 3705 1520 3746 necnon
1567 3749 1568 3758 ἵ

428 3793 446 3830 a
459 3779 601 3832 sententia
614 3781 797 3849 Apostolicae
812 3781 896 3837 Sedis
912 3801 919 3848 3
933 3793 1019 3853 atque
1040 3782 1129 3836 fusius
1143 3782 1265 3852 explicat
1284 3783 1397 3838 illarum
1415 3775 1520 3853 proposi·
1567 3775 1568 3806 l

430 3867 540 3922 tionum
557 3868 787 3924 convenientiam
801 3869 996 3926 omnimodam
1010 3887 1073 3925 cum
1091 3871 1225 3924 laudatae
1240 3871 1349 3938 Synodi
1366 3867 1520 3939 discipilum

430 3953 588 4028 iterumque
608 3957 735 4011 decernit
748 3959 889 4013 servanda
901 3975 935 4013 ea
949 3959 1065 4029 quaein
1079 3958 1196 4028 synodis
1214 3959 1466 4013 Baltimorensibus
1479 3960 1520 4005 sta-

430 4055 491 4100 tuta
511 4045 632 4112 fuerunt,
657 4057 685 4102 et
703 4063 892 4119 quaecunque
911 4048 966 4102 hac
986 4048 1022 4102 de
1045 4065 1075 4103 re
1097 4065 1114 4102 a
1135 4047 1261 4102 romanis
1281 4046 1461 4101 Pontificibus
1471 4049 1519 4094 sunt

429 4135 605 4204 praescripta
621 4135 745 4204 159-160.
764 4167 799 4176 -
813 4137 915 4204 Sperat
930 4135 1082 4191 Praesules
1095 4135 1187 4204 magis
1201 4135 1230 4190 in
1244 4134 1306 4190 dies
1321 4131 1460 4202 Religioni
1472 4141 1518 4198 pru

429 4222 537 4276 futuros
550 4235 577 4278 et
591 4223 773 4293 reipublicae,
787 4235 873 4294 atque
890 4224 1114 4278 controversiam
1127 4222 1241 4293 penitus
1253 4222 1412 4277 extinctum
1428 4217 1457 4274 iri
1468 4227 1518 4270 cum

430 4319 458 4363 et
471 4311 530 4364 zelo
543 4311 761 4382 Archiepiscopi
776 4311 993 4366 Baltimorensis
1010 4311 1134 4366 too-161.
