3250 4888
281 380 603 461 LITTERAE
631 381 1079 465 APOSTOLICAE

199 588 264 646 DE
290 555 484 646 onoma
511 589 935 651 crsrnncmusmu
966 590 1155 650 aaron·

198 780 447 839 MATORUM
481 781 669 840 BEATAE
706 783 898 842 MARIAE
927 785 1153 844 VIRGINIS

324 959 389 1018 DE
416 959 606 1019 TRAPPA
631 960 1027 1022 CONSTITUENDO.

1207 289 1233 364 lr

1207 365 1232 432 lt

1207 439 1232 510 lt

1208 515 1232 584 t*

1207 587 1298 660 vr,

1206 661 1232 961 Ξ

1190 897 1231 1100 {v

117 293 145 1108 ffiffiffiffiffiffifflffiffiffifi

152 1071 1180 1119 ..m—*ffl—

566 1114 1232 1186 WWWWWWWWW

155 1250 511 1322 mthsTORALIS
543 1237 688 1300 muneris
726 1236 837 1300 officio
871 1239 1036 1305 admoniti
1082 1246 1229 1308 Romani
1271 1283 1395 1324 ΜΑΠΗ

114 1254 155 1624 Ξ
187 1363 245 1521 Ρ
277 1329 516 1546 {Pontifices
559 1341 591 1403 in
635 1340 807 1422 religiosas
846 1341 991 1406 familias
1028 1367 1072 1408 ex
1107 1349 1230 1430 quibus
1301 1335 1366 1399 1893

325 1446 508 1512 christiana
525 1465 574 1507 res
591 1453 642 1508 tot
655 1453 818 1528 tantaque
831 1448 972 1528 percipit
989 1449 1230 1533 emolumenta,
1302 1452 1410 1526 sanctae

156 1549 305 1622 wurdt
327 1572 423 1616 curas
443 1550 732 1631 cogitationesque
761 1569 839 1611 suas
866 1551 967 1613 alacri
988 1553 1102 1616 studio
1118 1557 1227 1620 inten-
1254 1517 1330 1630 ,iffi
1349 1534 1410 1646 llll}

116 1661 197 1724 dere
214 1665 383 1740 satagunt,
399 1663 436 1717 ut
455 1654 486 1714 in
505 1653 544 1714 iis
561 1651 747 1734 regularem
771 1652 996 1733 disciplinam,
1011 1658 1100 1720 unde
1124 1661 1227 1741 potis.
1253 1649 1392 1725 sollicitudo

115 1765 241 1826 simum
278 1760 474 1824 eorumdem
509 1755 665 1819 ordinum
696 1757 799 1818 decus
831 1755 1064 1837 proficiscitur,
1091 1765 1228 1843 quando
1254 1716 1391 1844 {illailla

115 1859 299 1922 necessitas
315 1853 473 1938 postulet,
483 1862 649 1928 tueantur,
662 1860 857 1916 restaurent.
871 1853 947 1916 Hoc
965 1859 1105 1920 consilio
1122 1859 1227 1942 Trap-
1255 1846 1350 1894 mittas.

117 1963 273 2046 pensium
287 1957 551 2040 congregationi
564 1956 686 2019 mentis
702 1955 847 2019 Nostrae
858 1957 973 2021 oculos
983 1972 1228 2042 convertentes,
1301 1961 1341 2010 Ab
1352 1961 1407 2025 ipsa

118 2067 276 2129 Abbates
292 2083 420 2138 omnes,
437 2061 576 2137 Priores,
592 2059 744 2141 aliosque
766 2061 943 2124 domorum
962 2064 1014 2126 vel
1032 2069 1227 2147 superiores,
1255 2027 1383 2142 (limi,-

118 2169 173 2232 vel
209 2167 419 2248 deputatoss
438 2165 590 2227 omniurn
631 2164 919 2229 observantiarum
952 2166 1225 2234 Cisterciensium
1254 2159 1401 2272 {frevela

119 2274 388 2356 Trappistarum,
425 2268 610 2331 secundum
643 2268 824 2330 iussionem
857 2269 904 2330 eis
943 2271 1134 2336 intimatam
1167 2295 1228 2355 per
1253 2231 1408 2338 „sgss'ss‘fu'm

117 2380 292 2440 decretum
324 2371 605 2454 Congregationis
638 2370 884 2453 Episcoporum
924 2393 962 2436 ac
1007 2374 1226 2458 Regularium
1254 2356 1383 2480 ffm?

117 2480 264 2562 negotiis
280 2488 313 2542 et
329 2475 634 2541 consultationibus
650 2475 848 2538 dirimendis
872 2481 1093 2560 praepositae,
1108 2480 1163 2543 die
1175 2494 1226 2543 xx
1248 2487 1340 2564 p'l'l‘a
1356 2502 1391 2562 cq-

118 2586 245 2650 mensis
274 2583 349 2648 Iulii
377 2582 556 2664 superioris
581 2581 660 2644 anni
688 2582 817 2657 datum,
846 2582 991 2646 Romam
1009 2587 1228 2665 vocavimus;
1256 2559 1408 2666 mgffi‘}

117 2692 220 2773 hique
242 2690 335 2754 dicto
358 2688 543 2763 audientes,
566 2705 610 2748 ex
642 2684 794 2766 plurimis
819 2687 1074 2771 admodumque
1100 2691 1227 2754 dissitis
1255 2684 1372 2797 mgni

115 2809 281 2860 terrarum
298 2793 389 2857 orbis
415 2791 567 2875 partibus
592 2791 625 2854 in
654 2790 740 2853 hanc
757 2790 896 2854 Almam
918 2792 1045 2856 Urbem
1064 2795 1225 2859 Nostram
1255 2765 1317 2862 iilia
1336 2755 1406 2861 lulli

116 2917 314 2974 convenere,
328 2917 367 2959 ac
384 2895 536 2978 praeside
561 2893 686 2957 dilecto
702 2894 788 2957 Filio
817 2895 944 2958 Nostro
968 2895 1112 2960 Camillo
1129 2899 1162 2964 S.
1188 2899 1228 2963 R.
1255 2879 1408 2993 ξξξῖξὲζ

119 3003 159 3066 Ε.
192 3001 347 3064 Diacono
377 2997 548 3063 Cardinali
581 2997 754 3074 Mazzella‚
786 2996 1068 3080 Congregationis
1102 3001 1228 3064 Indicis
1254 3010 1407 3088 ordiname-

117 3105 303 3181 Praelecto,
318 3101 362 3166 ad
379 3103 412 3165 id
430 3102 585 3178 muneris,
611 3100 811 3181 Apostolica
838 3102 1049 3178 auctoritate,
1074 3105 1228 3168 subdele-
1255 3082 1382 3126 norunt.

115 3217 236 3292 gatoa
262 3206 456 3272 Venerabili
482 3206 600 3269 Fratre
627 3205 753 3268 Nostro
782 3204 957 3287 Raphaele
983 3206 1016 3271 S.
1034 3209 1075 3270 R.
1094 3208 1131 3271 E.
1148 3207 1227 3272 Car·

116 3311 223 3377 dinali
240 3311 387 3375 Monaco
413 3310 463 3374 La
487 3308 648 3384 Valletta,
675 3308 845 3390 Episcopo
863 3307 1014 3373 Ostiensi
1032 3320 1066 3372 et
1084 3311 1228 3373 Veliter-

116 3417 224 3494 nensi,
249 3414 513 3480 Poenitentiario
546 3413 675 3476 Maiore
699 3421 733 3475 et
760 3411 1008 3494 Trappensium
1026 3423 1229 3494 protectore,

116 3539 235 3585 mense
251 3519 391 3585 Octobri
408 3519 512 3599 ipsius
528 3515 706 3598 superioris
719 3515 798 3578 anni
811 3530 1026 3593 MDCCCXCII,
1043 3519 1075 3580 in
1089 3519 1229 3581 aedibus

116 3623 297 3689 Seminarii
314 3621 433 3687 Gallici
451 3619 512 3686 SS.
530 3619 650 3686 Cordis
679 3617 808 3682 Mariae
824 3619 932 3700 prima
948 3621 1099 3684 omniurn
1113 3619 1225 3685 obser·

115 3725 306 3790 vantiarum
333 3723 503 3809 generalia
530 3723 677 3788 Comitia
707 3723 924 3787 celebrarunt.
958 3723 1022 3786 His
1047 3734 1163 3788 autem
1192 3725 1225 3788 in

115 3827 274 3894 Comitiis
290 3837 419 3891 tantam
437 3827 485 3890 illi
496 3826 745 3890 observantiam
762 3845 802 3888 ac
818 3825 1033 3889 devotionern
1049 3847 1128 3908 erga
1138 3827 1225 3891 hanc

116 3931 243 3996 Sedem
255 3928 662 4012 Apostolicam,regularis
677 3928 874 4010 disciplinae
890 3927 1009 4006 zelum,
1025 3930 1223 3993 incrementi

115 4052 158 4096 ac
174 4033 405 4116 prosperitatis
416 4033 561 4096 instituti
571 4030 622 4094 sui
632 4031 792 4108 studium,
804 4031 993 4094 animorum
1010 4034 1225 4097 concordiam

115 4135 403 4218 consiliorumque
429 4138 657 4200 maturitatem
684 4135 960 4217 praesetulerunt,
991 4145 1028 4200 ut
1057 4135 1129 4200 Nos
1160 4137 1223 4220 ipsi

115 4239 231 4303 dicere
251 4259 318 4303 non
344 4239 610 4303 dubitaverimus
641 4239 705 4304 (lin
723 4237 861 4304 Ordinis
885 4237 1024 4302 historia
1038 4240 1225 4322 capitulum
