3216 4880
202 291 253 342 DE
271 289 491 342 DISCIPLINA
509 289 780 343 ORIENI'ALIUM
794 288 1090 344 cousuRVANDA.
1147 292 1217 364 305

112 393 1216 436 *rm-*m

107 446 220 508 menti.
235 445 392 526 Augusta
406 443 583 525 enim,qua
597 442 688 504 varia
706 461 747 505 ea
763 442 885 504 rituum
898 461 1022 524 genera
1035 441 1215 507 nobilitari·
1298 473 1332 516 30

104 559 167 626 tur,
182 548 376 631 antiquitas,
391 557 425 610 et
442 543 615 630 praeclaro
632 554 683 608 est
700 553 903 610 ornamento
921 545 1098 610 Ecclesiae
1113 547 1216 623 omni,
1275 517 1353 634 {239²}

106 661 139 716 et
166 649 243 714 fidei
268 649 453 713 catholicae
481 647 630 711 diuinam
648 648 815 711 unitatem
833 645 986 712 affirmat.
1006 649 1092 712 Inde
1107 652 1213 714 enim·
1242 683 1342 736 rituum

106 775 194 831 vero,
208 754 290 818 dum
300 773 361 816 sua
371 752 560 834 praecipuis
579 750 728 816 Orientis
745 751 905 814 Ecclesiis
916 752 1102 833 apostolica
1118 755 1213 836 origo
1241 751 1369 841 orientale·-

106 857 258 920 testatior
279 864 421 932 constat,
437 865 577 936 apparet
605 854 704 916 simul
722 865 755 916 et
782 854 887 917 enitet
915 859 1109 918 earumdem
1134 876 1210 920 cum
1239 816 1394 946 mm

110 963 264 1028 Romana
279 980 386 1044 usque
402 961 446 1023 ab
462 959 613 1022 exordiis
629 977 763 1022 summa
773 959 974 1023 coniunctio.
990 959 1110 1042 Neque
1121 961 1211 1024 aliud
1239 947 1347 1062 'iffi

106 1065 246 1128 fortasse
256 1057 488 1128 admirabilius
505 1069 556 1126 est
572 1062 615 1125 ad
631 1059 863 1125 catholr'citatis
875 1070 991 1124 notam
1009 1063 1042 1124 in
1059 1062 1213 1126 Ecclesia
1238 1029 1385 1132 omma

107 1166 171 1229 Dei
189 1165 432 1242 illustrandam,
447 1182 550 1246 quam
576 1163 746 1246 singulare
762 1164 853 1246 quod
879 1164 908 1228 ei
925 1164 1089 1245 praebent
1115 1164 1212 1228 obse·
1240 1147 1388 1262 fflssss'g

105 1271 220 1352 quium
248 1271 399 1351 dispares
427 1267 714 1332 caeremoniarum
741 1265 869 1332 formae
896 1266 1092 1350 nobilesque
1119 1278 1213 1332 vetu·
1241 1276 1374 1354 unitum.

104 1372 199 1434 statis
227 1371 371 1453 linguae,
387 1391 432 1434 ex
448 1371 520 1452 ipsa
537 1368 781 1452 Apostolorum
806 1379 840 1433 et
868 1369 1005 1436 Patrum
1034 1382 1212 1436 consuetu·
1239 1341 1392 1458 ,mfsjfffl

104 1475 182 1538 dine
203 1475 382 1539 nobiliores
397 1495 406 1552 ;
433 1475 501 1538 sere
533 1475 576 1536 ad
603 1473 825 1537 imitationem
863 1474 1016 1556 obsequii
1039 1473 1212 1539 lectissimi
1239 1471 1360 1522 ‘Wlffl-

103 1577 193 1659 quod
211 1576 355 1654 Christo,
371 1577 486 1640 diuino
504 1576 678 1640 Ecclesiae
704 1578 842 1654 auctori,
869 1577 1063 1642 exhibitum
1085 1589 1136 1644 est
1156 1599 1213 1643 na·
1240 1539 1381 1653 mizi

102 1683 344 1770 scentilquum
363 1681 460 1764 Magi
474 1701 519 1746 ex
542 1681 642 1746 variis
670 1679 819 1748 Orientis
847 1683 956 1764 plagis
973 1683 1104 1748 devecti
1123 1705 1213 1748 vene·
1241 1676 1313 1718 Μ’·

103 1799 222 1852 runt...
240 1787 381 1850 adorare
405 1785 507 1868 eum(
526 1784 547 1868 ).
563 1823 606 1834 -
623 1785 702 1868 Quo
718 1785 793 1850 loco
820 1786 903 1850 illud
929 1796 1008 1868 apte
1024 1787 1115 1850 cadit
1143 1790 1213 1851 ani-

104 1891 333 1968 madvertisse,
348 1892 441 1973 quod
458 1891 543 1954 sacri
564 1889 655 1966 ritus,
672 1889 808 1952 tametsi
830 1907 889 1972 per
914 1910 952 1953 se
967 1891 1114 1954 instituti
1144 1911 1211 1972 non
1276 1923 1391 1972 Mum„

103 2004 183 2059 sunt
207 1993 249 2057 ad
278 1994 477 2076 dogmatum
505 1991 747 2056 catholicorum
775 1993 996 2057 evincendam
1023 1993 1212 2071 veritatem,
1239 1987 1354 2101 '⁸³¹‘st

102 2097 222 2162 eadem
257 2106 371 2160 tamen
396 2097 471 2158 viva
488 2097 733 2177 propemodum
751 2095 949 2176 exprimunt
966 2095 1210 2180 splendideque
1235 2067 1390 2168 Nimio?

102 2201 285 2266 declarant.
302 2197 520 2282 Quapropter
544 2219 621 2274 vera
639 2197 762 2264 Christi
788 2197 950 2276 Ecclesia,
967 2201 1054 2264 sicut
1071 2219 1209 2282 magno·
1229 2183 1332 2248 s‘m'·

101 2325 180 2387 pere
218 2304 334 2367 studet
363 2322 403 2365 ea
429 2302 599 2366 custodire
625 2301 784 2365 inviolata
809 2321 905 2384 quae,
931 2311 1049 2384 utpote
1086 2302 1210 2380 divina,

100 2409 324 2475 Immutabilia
349 2409 488 2490 accepit,
510 2409 556 2472 ita
581 2408 614 2472 in
644 2407 845 2488 usurpandis
872 2410 1068 2483 eorumdem
1093 2409 1209 2472 formis

101 2532 345 2595 nonnunquam
363 2511 519 2576 concedit
535 2511 612 2574 novi
629 2512 756 2594 aliquid
774 2512 825 2575 vel
844 2513 1006 2595 indulget,
1016 2513 1049 2576 in
1061 2513 1101 2576 iis
1114 2533 1210 2594 prae·

101 2619 216 2682 sertim
232 2639 320 2700 quae
350 2637 427 2680 cum
453 2616 635 2680 venerabili
666 2617 869 2699 antiquitate
893 2617 1105 2682 conveniant.
1133 2617 1210 2680 Hoc

100 2724 204 2786 etiam
218 2723 321 2786 modo
331 2731 365 2786 et
381 2721 452 2788 eius
466 2720 555 2784 vitae
568 2739 740 2802 nunquam
754 2722 959 2789 senescentis
975 2723 1128 2804 proditur
1144 2723 1203 2798 vis,

98 2837 133 2888 et
149 2825 222 2907 ipsa
237 2814 506 2906 magnificentius
520 2821 644 2888 Christi
657 2843 783 2903 sponsa
800 2823 945 2900 excellit,
961 2843 1063 2906 quam
1076 2834 1209 2888 sancto·

98 2947 171 2992 rum
202 2929 340 2992 Patrum
363 2927 529 3007 sapientia
557 2925 660 2988 veluti
679 2926 915 2990 adumbratam
933 2928 966 2990 in
985 2925 1088 2991 effato
1105 2947 1208 3011 agno-

96 3035 146 3096 vit
161 3030 456 3096 davidico:Astitit
472 3029 586 3112 regina
602 3050 623 3092 a
633 3029 759 3092 dextris
775 3031 842 3097 tuis
859 3031 893 3092 in
910 3031 1030 3094 vestitu
1043 3031 1210 3110 deaurato,

96 3135 296 3201 circumdata
312 3135 521 3208 varietata...
541 3133 732 3216 infimbriis
754 3133 874 3211 aureis,
885 3134 1132 3200 circumamicta
1151 3158 1209 3200 va·

97 3237 295 3321 rietatibus(
313 3238 334 3320 ).

141 3343 311 3428 Quoniam
337 3343 438 3424 igitur
462 3341 544 3404 haec
561 3341 607 3404 rei
624 3341 798 3424 liturgicae
814 3341 1081 3426 disciplinaeque
1097 3345 1204 3408 orien-
1273 3383 1342 3432 Nur!

1341 3401 1385 3434 um

94 3449 174 3514 talis
189 3449 259 3511 iure
275 3445 417 3528 probata
429 3447 582 3521 varietas,
593 3455 725 3528 praeter
741 3455 869 3508 ceteras
886 3445 1013 3522 laudes,
1026 3447 1059 3510 in
1072 3457 1205 3514 tantum
1233 3449 1363 3528 afferatur·

94 3557 199 3618 decus
224 3549 472 3633 utilitatemque
495 3549 667 3612 Ecclesiae
694 3549 910 3625 convertitur,
931 3570 972 3614 eo
998 3571 1066 3614 non
1094 3553 1205 3616 miuus
1231 3515 1387 3629 miffar

94 3657 286 3740 pertineant
303 3654 448 3718 muneris
465 3653 582 3716 Nostri
598 3662 709 3734 partes
727 3663 870 3734 oportet,
887 3663 975 3716 recte
1000 3663 1037 3718 ut
1060 3655 1104 3718 sit
1127 3675 1205 3718 con·
1231 3645 1384 3760 2⁶&de-

93 3761 231 3838 sultum,
248 3779 290 3822 ne
306 3759 387 3840 quid
405 3757 613 3822 incommodi
630 3759 862 3840 imprudenter
877 3757 1019 3841 obrepat
1047 3759 1090 3822 ab
1117 3760 1203 3824 occi·
1232 3777 1336 3824 trimen-

92 3863 287 3930 dentalibus
301 3861 479 3944 Evangelii
490 3861 706 3939 administris,
720 3881 804 3944 quos
820 3864 862 3926 ad
877 3881 934 3926 eas
950 3873 1068 3944 gentes
1080 3859 1204 3928 Christi
1231 3847 1354 3972 jffi’pjj·

92 3969 215 4032 caritas
241 3976 367 4049 urgeat.
389 4003 433 4014 -
460 3965 549 4028 Rata
575 3964 712 4047 quidem
741 3975 941 4046 permanent
969 3985 1055 4046 quae
1080 3965 1113 4029 in
1141 3965 1205 4029 hoc
1231 3981 1351 4021 maneant

92 4070 298 4134 Benedictus
315 4067 412 4145 XIV,
430 4068 596 4131 Decessor
613 4067 737 4132 Noster
763 4069 910 4144 illustris,
934 4071 1103 4150 sapienter
1129 4089 1205 4152 pro·
1231 4039 1384 4153 {ffifessfqd‘

124 4322 144 4354 1.
158 4306 261 4358 Mutila„
274 4315 302 4359 n,
317 4318 361 4351 1·2.
380 4329 410 4339 -
425 4319 446 4350 a
465 4305 600 4360 Ps.,xt.1v.

172 4469 228 4511 Aera
238 4467 316 4510 Leone
328 4465 396 4510 XIII.
1013 4473 1038 4516 V.
1048 4495 1073 4505 -
1083 4487 1109 4514 20
