<?xml version="1.0" encoding="UTF-8"?>
<!DOCTYPE html PUBLIC "-//W3C//DTD XHTML 1.0 Transitional//EN"
    "http://www.w3.org/TR/xhtml1/DTD/xhtml1-transitional.dtd">
<html xmlns="http://www.w3.org/1999/xhtml" xml:lang="en" lang="en">
 <head>
  <title>
</title>
<meta http-equiv="Content-Type" content="text/html;charset=utf-8" />
  <meta name='ocr-system' content='tesseract 3.04.00' />
  <meta name='ocr-capabilities' content='ocr_page ocr_carea ocr_par ocr_line ocrx_word'/>
</head>
<body>
  <div class='ocr_page' id='page_1' title='image "./sanctissimidomi01xiiigoog_0330.png"; bbox 0 0 3216 4880; ppageno 0'>
   <div class='ocr_carea' id='block_1_1' title="bbox 429 313 1202 384">
    <p class='ocr_par' dir='ltr' id='par_1_1' title="bbox 429 313 1202 384">
     <span class='ocr_line' id='line_1_1' title="bbox 429 313 1202 384; baseline -0.003 -20"><span class='ocrx_word' id='word_1_1' title='bbox 429 313 550 364; x_wconf 83' lang='lat' dir='ltr'><strong>INDEX</strong></span> <span class='ocrx_word' id='word_1_2' title='bbox 578 313 830 366; x_wconf 80' lang='lat' dir='ltr'>ANALYTICUS.</span> <span class='ocrx_word' id='word_1_3' title='bbox 1131 313 1202 384; x_wconf 81' lang='lat'><strong>323</strong></span> 
     </span>
    </p>
   </div>
   <div class='ocr_carea' id='block_1_2' title="bbox 91 463 1205 1936">
    <p class='ocr_par' dir='ltr' id='par_1_2' title="bbox 91 463 1205 1936">
     <span class='ocr_line' id='line_1_2' title="bbox 94 463 1204 537; baseline 0.002 -19"><span class='ocrx_word' id='word_1_4' title='bbox 94 475 140 518; x_wconf 90' lang='lat' dir='ltr'><strong>tur</strong></span> <span class='ocrx_word' id='word_1_5' title='bbox 151 481 238 535; x_wconf 81' lang='lat' dir='ltr'>saepe</span> <span class='ocrx_word' id='word_1_6' title='bbox 250 463 373 520; x_wconf 88' lang='lat' dir='ltr'><strong>civitatis</strong></span> <span class='ocrx_word' id='word_1_7' title='bbox 391 466 484 520; x_wconf 90' lang='lat' dir='ltr'><strong>forma</strong></span> <span class='ocrx_word' id='word_1_8' title='bbox 497 466 579 522; x_wconf 81' lang='lat' dir='ltr'><strong>nouis</strong></span> <span class='ocrx_word' id='word_1_9' title='bbox 591 466 727 536; x_wconf 89' lang='lat' dir='ltr'><strong>imperiis,</strong></span> <span class='ocrx_word' id='word_1_10' title='bbox 746 465 898 537; x_wconf 90' lang='lat' dir='ltr'><strong>quaelicet</strong></span> <span class='ocrx_word' id='word_1_11' title='bbox 917 466 1022 522; x_wconf 88' lang='lat' dir='ltr'><strong>fuerint</strong></span> <span class='ocrx_word' id='word_1_12' title='bbox 1040 475 1140 521; x_wconf 87' lang='lat' dir='ltr'><strong>contra</strong></span> <span class='ocrx_word' id='word_1_13' title='bbox 1156 466 1204 536; x_wconf 86' lang='lat' dir='ltr'><strong>jus</strong></span> 
     </span>
     <span class='ocr_line' id='line_1_3' title="bbox 94 552 1203 624; baseline 0.005 -20"><span class='ocrx_word' id='word_1_14' title='bbox 94 552 215 620; x_wconf 86' lang='lat' dir='ltr'><strong>invecta,</strong></span> <span class='ocrx_word' id='word_1_15' title='bbox 228 553 344 621; x_wconf 87' lang='lat' dir='ltr'>agnosci</span> <span class='ocrx_word' id='word_1_16' title='bbox 367 561 463 608; x_wconf 88' lang='lat' dir='ltr'><strong>tamen</strong></span> <span class='ocrx_word' id='word_1_17' title='bbox 477 553 633 608; x_wconf 89' lang='lat' dir='ltr'><strong>constituta</strong></span> <span class='ocrx_word' id='word_1_18' title='bbox 651 553 767 621; x_wconf 88' lang='lat' dir='ltr'><strong>debent,</strong></span> <span class='ocrx_word' id='word_1_19' title='bbox 780 553 848 608; x_wconf 92' lang='lat' dir='ltr'><strong>boni</strong></span> <span class='ocrx_word' id='word_1_20' title='bbox 861 553 967 624; x_wconf 86' lang='lat' dir='ltr'><strong>publici</strong></span> <span class='ocrx_word' id='word_1_21' title='bbox 982 570 1078 609; x_wconf 89' lang='lat' dir='ltr'><strong>causa.</strong></span> <span class='ocrx_word' id='word_1_22' title='bbox 1091 554 1137 608; x_wconf 94' lang='lat' dir='ltr'><strong>Ob</strong></span> <span class='ocrx_word' id='word_1_23' title='bbox 1147 553 1203 609; x_wconf 91' lang='lat' dir='ltr'><strong>hoc</strong></span> 
     </span>
     <span class='ocr_line' id='line_1_4' title="bbox 94 637 1203 710; baseline 0.003 -20"><span class='ocrx_word' id='word_1_24' title='bbox 94 655 163 707; x_wconf 87' lang='lat' dir='ltr'><strong>ergo</strong></span> <span class='ocrx_word' id='word_1_25' title='bbox 174 639 434 706; x_wconf 89' lang='lat' dir='ltr'><strong>bonum‚debemus</strong></span> <span class='ocrx_word' id='word_1_26' title='bbox 447 640 559 695; x_wconf 85' lang='lat' dir='ltr'><strong>sincera</strong></span> <span class='ocrx_word' id='word_1_27' title='bbox 567 639 796 710; x_wconf 85' lang='lat' dir='ltr'><strong>fideobsequium</strong></span> <span class='ocrx_word' id='word_1_28' title='bbox 802 649 947 709; x_wconf 91' lang='lat' dir='ltr'><strong>praestare</strong></span> <span class='ocrx_word' id='word_1_29' title='bbox 958 637 992 695; x_wconf 90' lang='lat' dir='ltr'><strong>iis</strong></span> <span class='ocrx_word' id='word_1_30' title='bbox 1003 639 1050 710; x_wconf 88' lang='lat' dir='ltr'><strong>qui</strong></span> <span class='ocrx_word' id='word_1_31' title='bbox 1061 655 1203 697; x_wconf 82' lang='lat' dir='ltr'><strong>summam</strong></span> 
     </span>
     <span class='ocr_line' id='line_1_5' title="bbox 94 725 1205 800; baseline 0.004 -22"><span class='ocrx_word' id='word_1_32' title='bbox 94 725 205 800; x_wconf 84' lang='lat' dir='ltr'><strong>imperii</strong></span> <span class='ocrx_word' id='word_1_33' title='bbox 218 737 315 781; x_wconf 88' lang='lat' dir='ltr'><strong>tenent</strong></span> <span class='ocrx_word' id='word_1_34' title='bbox 328 728 419 794; x_wconf 86' lang='lat'>69-70.</span> <span class='ocrx_word' id='word_1_35' title='bbox 432 757 467 767; x_wconf 99' lang='lat'><em>-</em></span> <span class='ocrx_word' id='word_1_36' title='bbox 483 727 609 782; x_wconf 91' lang='lat' dir='ltr'><strong>Inculcat</strong></span> <span class='ocrx_word' id='word_1_37' title='bbox 622 726 726 781; x_wconf 88' lang='lat' dir='ltr'><strong>iterum</strong></span> <span class='ocrx_word' id='word_1_38' title='bbox 739 725 871 782; x_wconf 76' lang='lat' dir='ltr'>Pontifex</span> <span class='ocrx_word' id='word_1_39' title='bbox 884 725 962 795; x_wconf 79' lang='lat' dir='ltr'><strong>leges</strong></span> <span class='ocrx_word' id='word_1_40' title='bbox 987 743 1005 780; x_wconf 87' lang='lat' dir='ltr'><strong>a</strong></span> <span class='ocrx_word' id='word_1_41' title='bbox 1029 725 1205 796; x_wconf 89' lang='lat' dir='ltr'><strong>principibus</strong></span> 
     </span>
     <span class='ocr_line' id='line_1_6' title="bbox 93 811 1204 884; baseline 0 -17"><span class='ocrx_word' id='word_1_42' title='bbox 93 815 167 868; x_wconf 86' lang='lat' dir='ltr'><strong>latas</strong></span> <span class='ocrx_word' id='word_1_43' title='bbox 179 813 383 868; x_wconf 88' lang='lat' dir='ltr'><strong>discernendas</strong></span> <span class='ocrx_word' id='word_1_44' title='bbox 395 831 461 868; x_wconf 87' lang='lat' dir='ltr'><strong>esse</strong></span> <span class='ocrx_word' id='word_1_45' title='bbox 473 814 510 868; x_wconf 92' lang='lat' dir='ltr'><strong>ab</strong></span> <span class='ocrx_word' id='word_1_46' title='bbox 523 815 651 884; x_wconf 90' lang='lat' dir='ltr'><strong>ipsorum</strong></span> <span class='ocrx_word' id='word_1_47' title='bbox 665 812 795 883; x_wconf 89' lang='lat' dir='ltr'><strong>imperio,</strong></span> <span class='ocrx_word' id='word_1_48' title='bbox 807 829 861 868; x_wconf 90' lang='lat' dir='ltr'><strong>nec</strong></span> <span class='ocrx_word' id='word_1_49' title='bbox 879 812 973 868; x_wconf 88' lang='lat' dir='ltr'><strong>officio</strong></span> <span class='ocrx_word' id='word_1_50' title='bbox 983 831 1036 868; x_wconf 89' lang='lat' dir='ltr'><strong>suo</strong></span> <span class='ocrx_word' id='word_1_51' title='bbox 1049 813 1113 866; x_wconf 93' lang='lat' dir='ltr'><strong>illos</strong></span> <span class='ocrx_word' id='word_1_52' title='bbox 1127 811 1204 867; x_wconf 86' lang='lat' dir='ltr'><strong>cives</strong></span> 
     </span>
     <span class='ocr_line' id='line_1_7' title="bbox 94 901 1204 976; baseline -0.002 -18"><span class='ocrx_word' id='word_1_53' title='bbox 94 905 197 960; x_wconf 81' lang='lat' dir='ltr'>deesse</span> <span class='ocrx_word' id='word_1_54' title='bbox 208 903 257 976; x_wconf 88' lang='lat' dir='ltr'><strong>qui</strong></span> <span class='ocrx_word' id='word_1_55' title='bbox 267 905 345 973; x_wconf 91' lang='lat' dir='ltr'><strong>leges</strong></span> <span class='ocrx_word' id='word_1_56' title='bbox 358 903 479 974; x_wconf 87' lang='lat' dir='ltr'><strong>injustas</strong></span> <span class='ocrx_word' id='word_1_57' title='bbox 491 904 609 958; x_wconf 88' lang='lat' dir='ltr'><strong>minime</strong></span> <span class='ocrx_word' id='word_1_58' title='bbox 623 911 793 972; x_wconf 81' lang='lat' dir='ltr'><strong>servant,ast</strong></span> <span class='ocrx_word' id='word_1_59' title='bbox 807 903 884 958; x_wconf 87' lang='lat' dir='ltr'><strong>omni</strong></span> <span class='ocrx_word' id='word_1_60' title='bbox 897 919 952 972; x_wconf 91' lang='lat' dir='ltr'><strong>ope</strong></span> <span class='ocrx_word' id='word_1_61' title='bbox 961 901 1104 972; x_wconf 90' lang='lat' dir='ltr'><strong>principes</strong></span> <span class='ocrx_word' id='word_1_62' title='bbox 1112 902 1204 957; x_wconf 89' lang='lat' dir='ltr'><strong>addu-</strong></span> 
     </span>
     <span class='ocr_line' id='line_1_8' title="bbox 93 990 1203 1062; baseline -0.003 -15"><span class='ocrx_word' id='word_1_63' title='bbox 93 1003 204 1048; x_wconf 85' lang='lat' dir='ltr'><strong>cuntot</strong></span> <span class='ocrx_word' id='word_1_64' title='bbox 218 993 281 1048; x_wconf 84' lang='lat' dir='ltr'><strong>illas</strong></span> <span class='ocrx_word' id='word_1_65' title='bbox 294 993 441 1060; x_wconf 83' lang='lat' dir='ltr'><strong>abrogent.</strong></span> <span class='ocrx_word' id='word_1_66' title='bbox 457 993 501 1048; x_wconf 91' lang='lat' dir='ltr'><strong>Ita</strong></span> <span class='ocrx_word' id='word_1_67' title='bbox 516 1008 548 1046; x_wconf 92' lang='lat' dir='ltr'><strong>se</strong></span> <span class='ocrx_word' id='word_1_68' title='bbox 564 991 647 1062; x_wconf 89' lang='lat' dir='ltr'><strong>primi</strong></span> <span class='ocrx_word' id='word_1_69' title='bbox 662 990 817 1045; x_wconf 85' lang='lat' dir='ltr'>Christiani</span> <span class='ocrx_word' id='word_1_70' title='bbox 830 1001 981 1060; x_wconf 89' lang='lat' dir='ltr'><strong>gesserunt</strong></span> <span class='ocrx_word' id='word_1_71' title='bbox 993 991 1131 1046; x_wconf 87' lang='lat' dir='ltr'><strong>adversus</strong></span> <span class='ocrx_word' id='word_1_72' title='bbox 1151 991 1203 1044; x_wconf 89' lang='lat' dir='ltr'><strong>irn-</strong></span> 
     </span>
     <span class='ocr_line' id='line_1_9' title="bbox 93 1079 1203 1152; baseline -0.001 -16"><span class='ocrx_word' id='word_1_73' title='bbox 93 1081 163 1152; x_wconf 87' lang='lat' dir='ltr'><strong>perii</strong></span> <span class='ocrx_word' id='word_1_74' title='bbox 173 1080 282 1138; x_wconf 89' lang='lat' dir='ltr'><strong>romani</strong></span> <span class='ocrx_word' id='word_1_75' title='bbox 291 1079 434 1150; x_wconf 83' lang='lat' dir='ltr'>principes</span> <span class='ocrx_word' id='word_1_76' title='bbox 444 1093 487 1148; x_wconf 89' lang='lat'><strong>70,</strong></span> <span class='ocrx_word' id='word_1_77' title='bbox 495 1079 670 1149; x_wconf 89' lang='lat' dir='ltr'><strong>-illamque</strong></span> <span class='ocrx_word' id='word_1_78' title='bbox 681 1079 758 1133; x_wconf 88' lang='lat' dir='ltr'><strong>viam</strong></span> <span class='ocrx_word' id='word_1_79' title='bbox 768 1089 884 1133; x_wconf 86' lang='lat' dir='ltr'><strong>teneant</strong></span> <span class='ocrx_word' id='word_1_80' title='bbox 895 1089 1006 1148; x_wconf 87' lang='lat' dir='ltr'><strong>oportet</strong></span> <span class='ocrx_word' id='word_1_81' title='bbox 1017 1079 1055 1133; x_wconf 89' lang='lat' dir='ltr'><strong>ad</strong></span> <span class='ocrx_word' id='word_1_82' title='bbox 1065 1080 1203 1135; x_wconf 87' lang='lat' dir='ltr'><strong>tuendam</strong></span> 
     </span>
     <span class='ocr_line' id='line_1_10' title="bbox 92 1165 1201 1237; baseline 0.001 -16"><span class='ocrx_word' id='word_1_83' title='bbox 92 1169 258 1237; x_wconf 87' lang='lat' dir='ltr'><strong>religionem</strong></span> <span class='ocrx_word' id='word_1_84' title='bbox 277 1183 376 1221; x_wconf 89' lang='lat' dir='ltr'><strong>omnes</strong></span> <span class='ocrx_word' id='word_1_85' title='bbox 394 1167 505 1237; x_wconf 90' lang='lat' dir='ltr'><strong>probati</strong></span> <span class='ocrx_word' id='word_1_86' title='bbox 524 1165 620 1232; x_wconf 82' lang='lat' dir='ltr'><strong>cives3</strong></span> <span class='ocrx_word' id='word_1_87' title='bbox 634 1184 688 1222; x_wconf 94' lang='lat' dir='ltr'><strong>nec</strong></span> <span class='ocrx_word' id='word_1_88' title='bbox 706 1166 754 1221; x_wconf 91' lang='lat' dir='ltr'><strong>ulli</strong></span> <span class='ocrx_word' id='word_1_89' title='bbox 768 1165 835 1220; x_wconf 89' lang='lat' dir='ltr'><strong>licet</strong></span> <span class='ocrx_word' id='word_1_90' title='bbox 852 1165 976 1236; x_wconf 90' lang='lat' dir='ltr'><strong>partium</strong></span> <span class='ocrx_word' id='word_1_91' title='bbox 997 1165 1092 1220; x_wconf 91' lang='lat' dir='ltr'><strong>studio</strong></span> <span class='ocrx_word' id='word_1_92' title='bbox 1111 1168 1201 1222; x_wconf 89' lang='lat' dir='ltr'><strong>zelum</strong></span> 
     </span>
     <span class='ocr_line' id='line_1_11' title="bbox 92 1253 1202 1326; baseline -0.002 -16"><span class='ocrx_word' id='word_1_93' title='bbox 92 1255 237 1326; x_wconf 87' lang='lat' dir='ltr'><strong>religionis</strong></span> <span class='ocrx_word' id='word_1_94' title='bbox 250 1265 422 1325; x_wconf 84' lang='lat' dir='ltr'><strong>postponere</strong></span> <span class='ocrx_word' id='word_1_95' title='bbox 435 1268 474 1320; x_wconf 88' lang='lat'><strong>71.</strong></span> <span class='ocrx_word' id='word_1_96' title='bbox 491 1283 522 1294; x_wconf 86' lang='lat'>-</span> <span class='ocrx_word' id='word_1_97' title='bbox 536 1254 666 1308; x_wconf 84' lang='lat' dir='ltr'><strong>Pontifex</strong></span> <span class='ocrx_word' id='word_1_98' title='bbox 679 1253 713 1309; x_wconf 91' lang='lat' dir='ltr'><strong>iis</strong></span> <span class='ocrx_word' id='word_1_99' title='bbox 735 1253 784 1324; x_wconf 90' lang='lat' dir='ltr'><strong>qui</strong></span> <span class='ocrx_word' id='word_1_100' title='bbox 801 1254 883 1308; x_wconf 87' lang='lat' dir='ltr'><strong>aliter</strong></span> <span class='ocrx_word' id='word_1_101' title='bbox 905 1255 1043 1308; x_wconf 82' lang='lat' dir='ltr'><strong>adversus</strong></span> <span class='ocrx_word' id='word_1_102' title='bbox 1068 1254 1202 1323; x_wconf 88' lang='lat' dir='ltr'><strong>Galliam,</strong></span> 
     </span>
     <span class='ocr_line' id='line_1_12' title="bbox 91 1341 1202 1412; baseline -0.003 -14"><span class='ocrx_word' id='word_1_103' title='bbox 91 1345 175 1398; x_wconf 88' lang='lat' dir='ltr'><strong>aliter</strong></span> <span class='ocrx_word' id='word_1_104' title='bbox 187 1345 324 1398; x_wconf 86' lang='lat' dir='ltr'><strong>adversus</strong></span> <span class='ocrx_word' id='word_1_105' title='bbox 335 1341 449 1397; x_wconf 90' lang='lat' dir='ltr'><strong>ltaliam</strong></span> <span class='ocrx_word' id='word_1_106' title='bbox 462 1341 555 1412; x_wconf 87' lang='lat' dir='ltr'><strong>ipsum</strong></span> <span class='ocrx_word' id='word_1_107' title='bbox 569 1359 600 1394; x_wconf 92' lang='lat' dir='ltr'><strong>se</strong></span> <span class='ocrx_word' id='word_1_108' title='bbox 613 1359 712 1410; x_wconf 85' lang='lat' dir='ltr'><strong>gerere</strong></span> <span class='ocrx_word' id='word_1_109' title='bbox 724 1341 912 1409; x_wconf 91' lang='lat' dir='ltr'><strong>contendunt,</strong></span> <span class='ocrx_word' id='word_1_110' title='bbox 922 1341 1076 1411; x_wconf 88' lang='lat' dir='ltr'><strong>respondet</strong></span> <span class='ocrx_word' id='word_1_111' title='bbox 1090 1358 1120 1396; x_wconf 89' lang='lat' dir='ltr'><strong>se</strong></span> <span class='ocrx_word' id='word_1_112' title='bbox 1131 1341 1202 1396; x_wconf 92' lang='lat' dir='ltr'><strong>nihil</strong></span> 
     </span>
     <span class='ocr_line' id='line_1_13' title="bbox 91 1428 1202 1502; baseline -0.003 -17"><span class='ocrx_word' id='word_1_113' title='bbox 91 1442 205 1502; x_wconf 91' lang='lat' dir='ltr'><strong>praeter</strong></span> <span class='ocrx_word' id='word_1_114' title='bbox 217 1432 324 1485; x_wconf 93' lang='lat' dir='ltr'><strong>bonum</strong></span> <span class='ocrx_word' id='word_1_115' title='bbox 334 1429 477 1499; x_wconf 89' lang='lat' dir='ltr'><strong>religionis</strong></span> <span class='ocrx_word' id='word_1_116' title='bbox 491 1429 567 1498; x_wconf 90' lang='lat' dir='ltr'><strong>apud</strong></span> <span class='ocrx_word' id='word_1_117' title='bbox 580 1428 675 1482; x_wconf 89' lang='lat' dir='ltr'><strong>varias</strong></span> <span class='ocrx_word' id='word_1_118' title='bbox 683 1437 785 1497; x_wconf 87' lang='lat' dir='ltr'><strong>gentes</strong></span> <span class='ocrx_word' id='word_1_119' title='bbox 798 1428 910 1495; x_wconf 90' lang='lat' dir='ltr'><strong>sectari,</strong></span> <span class='ocrx_word' id='word_1_120' title='bbox 919 1438 1006 1498; x_wconf 87' lang='lat' dir='ltr'><strong>atque</strong></span> <span class='ocrx_word' id='word_1_121' title='bbox 1020 1443 1202 1497; x_wconf 88' lang='lat' dir='ltr'><strong>summopere</strong></span> 
     </span>
     <span class='ocr_line' id='line_1_14' title="bbox 91 1513 1203 1585; baseline 0 -15"><span class='ocrx_word' id='word_1_122' title='bbox 91 1516 237 1585; x_wconf 86' lang='lat' dir='ltr'><strong>religionis</strong></span> <span class='ocrx_word' id='word_1_123' title='bbox 259 1517 395 1571; x_wconf 88' lang='lat' dir='ltr'><strong>interesse</strong></span> <span class='ocrx_word' id='word_1_124' title='bbox 417 1526 445 1570; x_wconf 88' lang='lat' dir='ltr'><strong>et</strong></span> <span class='ocrx_word' id='word_1_125' title='bbox 468 1517 579 1570; x_wconf 87' lang='lat' dir='ltr'><strong>Galliae</strong></span> <span class='ocrx_word' id='word_1_126' title='bbox 598 1517 803 1584; x_wconf 88' lang='lat' dir='ltr'><strong>gubernatores</strong></span> <span class='ocrx_word' id='word_1_127' title='bbox 824 1515 861 1568; x_wconf 92' lang='lat' dir='ltr'><strong>ab</strong></span> <span class='ocrx_word' id='word_1_128' title='bbox 880 1515 1013 1568; x_wconf 91' lang='lat' dir='ltr'><strong>omnibus</strong></span> <span class='ocrx_word' id='word_1_129' title='bbox 1026 1513 1154 1582; x_wconf 84' lang='lat' dir='ltr'><strong>agnosci,</strong></span> <span class='ocrx_word' id='word_1_130' title='bbox 1172 1523 1203 1570; x_wconf 89' lang='lat' dir='ltr'><strong>et</strong></span> 
     </span>
     <span class='ocr_line' id='line_1_15' title="bbox 93 1601 1202 1672; baseline 0.001 -16"><span class='ocrx_word' id='word_1_131' title='bbox 93 1603 199 1657; x_wconf 88' lang='lat' dir='ltr'><strong>Sedem</strong></span> <span class='ocrx_word' id='word_1_132' title='bbox 211 1604 409 1672; x_wconf 85' lang='lat' dir='ltr'><strong>Apostolicam</strong></span> <span class='ocrx_word' id='word_1_133' title='bbox 422 1603 450 1656; x_wconf 92' lang='lat' dir='ltr'><strong>in</strong></span> <span class='ocrx_word' id='word_1_134' title='bbox 464 1603 605 1672; x_wconf 86' lang='lat' dir='ltr'><strong>integram</strong></span> <span class='ocrx_word' id='word_1_135' title='bbox 619 1603 780 1657; x_wconf 88' lang='lat' dir='ltr'><strong>libertatem</strong></span> <span class='ocrx_word' id='word_1_136' title='bbox 793 1601 932 1656; x_wconf 87' lang='lat' dir='ltr'><strong>vindicari</strong></span> <span class='ocrx_word' id='word_1_137' title='bbox 946 1614 988 1666; x_wconf 91' lang='lat'><strong>71.</strong></span> <span class='ocrx_word' id='word_1_138' title='bbox 1003 1631 1037 1640; x_wconf 90' lang='lat'>—</span> <span class='ocrx_word' id='word_1_139' title='bbox 1053 1601 1143 1656; x_wconf 86' lang='lat' dir='ltr'><strong>Hisce</strong></span> <span class='ocrx_word' id='word_1_140' title='bbox 1156 1601 1202 1657; x_wconf 90' lang='lat' dir='ltr'><strong>lit·</strong></span> 
     </span>
     <span class='ocr_line' id='line_1_16' title="bbox 91 1689 1202 1761; baseline 0.004 -19"><span class='ocrx_word' id='word_1_141' title='bbox 91 1691 162 1744; x_wconf 89' lang='lat' dir='ltr'><strong>teris</strong></span> <span class='ocrx_word' id='word_1_142' title='bbox 172 1693 301 1746; x_wconf 88' lang='lat' dir='ltr'><strong>levamen</strong></span> <span class='ocrx_word' id='word_1_143' title='bbox 315 1690 485 1761; x_wconf 86' lang='lat' dir='ltr'><strong>sibimetipsi</strong></span> <span class='ocrx_word' id='word_1_144' title='bbox 497 1707 531 1744; x_wconf 88' lang='lat' dir='ltr'><strong>ac</strong></span> <span class='ocrx_word' id='word_1_145' title='bbox 542 1690 776 1744; x_wconf 87' lang='lat' dir='ltr'><strong>eminentissimis</strong></span> <span class='ocrx_word' id='word_1_146' title='bbox 785 1689 967 1744; x_wconf 87' lang='lat' dir='ltr'><strong>Praesulibus</strong></span> <span class='ocrx_word' id='word_1_147' title='bbox 977 1689 1108 1744; x_wconf 80' lang='lat' dir='ltr'><strong>Pontifex</strong></span> <span class='ocrx_word' id='word_1_148' title='bbox 1116 1705 1202 1760; x_wconf 87' lang='lat' dir='ltr'><strong>quae·</strong></span> 
     </span>
     <span class='ocr_line' id='line_1_17' title="bbox 92 1775 1202 1846; baseline 0 -16"><span class='ocrx_word' id='word_1_149' title='bbox 92 1777 159 1832; x_wconf 88' lang='lat' dir='ltr'><strong>sivit</strong></span> <span class='ocrx_word' id='word_1_150' title='bbox 168 1778 198 1832; x_wconf 92' lang='lat' dir='ltr'><strong>in</strong></span> <span class='ocrx_word' id='word_1_151' title='bbox 206 1777 348 1846; x_wconf 88' lang='lat' dir='ltr'><strong>praesenti</strong></span> <span class='ocrx_word' id='word_1_152' title='bbox 359 1778 508 1832; x_wconf 87' lang='lat' dir='ltr'><strong>Ecclesiae</strong></span> <span class='ocrx_word' id='word_1_153' title='bbox 516 1775 916 1831; x_wconf 89' lang='lat' dir='ltr'><strong>discrimine.Devotissimum</strong></span> <span class='ocrx_word' id='word_1_154' title='bbox 927 1776 953 1830; x_wconf 91' lang='lat' dir='ltr'><strong>in</strong></span> <span class='ocrx_word' id='word_1_155' title='bbox 965 1776 1202 1844; x_wconf 89' lang='lat' dir='ltr'><strong>Gallos,animum</strong></span> 
     </span>
     <span class='ocr_line' id='line_1_18' title="bbox 91 1863 1202 1936; baseline 0.002 -19"><span class='ocrx_word' id='word_1_156' title='bbox 91 1863 334 1936; x_wconf 87' lang='lat' dir='ltr'><strong>significat,atque</strong></span> <span class='ocrx_word' id='word_1_157' title='bbox 346 1865 451 1934; x_wconf 89' lang='lat' dir='ltr'><strong>gaudet</strong></span> <span class='ocrx_word' id='word_1_158' title='bbox 466 1881 522 1920; x_wconf 88' lang='lat' dir='ltr'><strong>una</strong></span> <span class='ocrx_word' id='word_1_159' title='bbox 534 1875 630 1918; x_wconf 88' lang='lat' dir='ltr'><strong>mente</strong></span> <span class='ocrx_word' id='word_1_160' title='bbox 642 1865 791 1918; x_wconf 88' lang='lat' dir='ltr'><strong>Praesules</strong></span> <span class='ocrx_word' id='word_1_161' title='bbox 801 1880 913 1918; x_wconf 89' lang='lat' dir='ltr'><strong>summo</strong></span> <span class='ocrx_word' id='word_1_162' title='bbox 922 1863 1034 1918; x_wconf 90' lang='lat' dir='ltr'><strong>Pastori</strong></span> <span class='ocrx_word' id='word_1_163' title='bbox 1045 1864 1202 1919; x_wconf 88' lang='lat' dir='ltr'><strong>adhaerere</strong></span> 
     </span>
    </p>
   </div>
   <div class='ocr_carea' id='block_1_3' title="bbox 92 1965 184 2018">
    <p class='ocr_par' dir='ltr' id='par_1_3' title="bbox 92 1965 184 2018">
     <span class='ocr_line' id='line_1_19' title="bbox 92 1965 184 2018; baseline 0.022 -14"><span class='ocrx_word' id='word_1_164' title='bbox 92 1965 184 2018; x_wconf 88' lang='lat'>71-72.</span> 
     </span>
    </p>
   </div>
   <div class='ocr_carea' id='block_1_4' title="bbox 128 2031 1305 2130">
    <p class='ocr_par' dir='ltr' id='par_1_4' title="bbox 128 2031 1305 2130">
     <span class='ocr_line' id='line_1_20' title="bbox 128 2031 1305 2130; baseline 0.001 -13"><span class='ocrx_word' id='word_1_165' title='bbox 128 2069 176 2118; x_wconf 80' lang='lat'><strong>14.</strong></span> <span class='ocrx_word' id='word_1_166' title='bbox 199 2068 458 2120; x_wconf 85' lang='lat' dir='ltr'><strong>INSTRUCTIO</strong></span> <span class='ocrx_word' id='word_1_167' title='bbox 471 2071 514 2118; x_wconf 90' lang='lat' dir='ltr'><strong>ad</strong></span> <span class='ocrx_word' id='word_1_168' title='bbox 529 2069 706 2130; x_wconf 84' lang='lat' dir='ltr'><strong>Episcopus</strong></span> <span class='ocrx_word' id='word_1_169' title='bbox 723 2068 896 2118; x_wconf 84' lang='lat' dir='ltr'><strong>Amerleae</strong></span> <span class='ocrx_word' id='word_1_170' title='bbox 917 2031 1112 2128; x_wconf 81' lang='lat' dir='ltr'><strong>septentrio·</strong></span> <span class='ocrx_word' id='word_1_171' title='bbox 1213 2041 1215 2046; x_wconf 28' lang='grc' dir='ltr'>Ι</span> <span class='ocrx_word' id='word_1_172' title='bbox 1298 2076 1305 2088; x_wconf 84' lang='grc'>’</span> 
     </span>
    </p>
   </div>
   <div class='ocr_carea' id='block_1_5' title="bbox 90 2157 1202 2310">
    <p class='ocr_par' dir='ltr' id='par_1_5' title="bbox 90 2157 1202 2310">
     <span class='ocr_line' id='line_1_21' title="bbox 90 2157 1113 2207; baseline 0.001 -3"><span class='ocrx_word' id='word_1_173' title='bbox 90 2157 179 2206; x_wconf 85' lang='lat' dir='ltr'><strong>nalls</strong></span> <span class='ocrx_word' id='word_1_174' title='bbox 199 2158 240 2206; x_wconf 86' lang='lat' dir='ltr'><strong>de</strong></span> <span class='ocrx_word' id='word_1_175' title='bbox 263 2159 384 2207; x_wconf 88' lang='lat' dir='ltr'><strong>scholis</strong></span> <span class='ocrx_word' id='word_1_176' title='bbox 412 2159 582 2206; x_wconf 85' lang='lat' dir='ltr'><strong>nonnullis</strong></span> <span class='ocrx_word' id='word_1_177' title='bbox 607 2157 858 2206; x_wconf 85' lang='lat' dir='ltr'><strong>archidioecesis</strong></span> <span class='ocrx_word' id='word_1_178' title='bbox 882 2158 911 2206; x_wconf 90' lang='lat' dir='ltr'><strong>S.</strong></span> <span class='ocrx_word' id='word_1_179' title='bbox 942 2157 1040 2205; x_wconf 84' lang='lat' dir='ltr'><strong>Pauli</strong></span> <span class='ocrx_word' id='word_1_180' title='bbox 1073 2157 1113 2207; x_wconf 86' lang='lat' dir='ltr'><strong>de</strong></span> 
     </span>
     <span class='ocr_line' id='line_1_22' title="bbox 91 2245 1202 2310; baseline 0 -16"><span class='ocrx_word' id='word_1_181' title='bbox 91 2245 580 2296; x_wconf 79' lang='lat' dir='ltr'><strong>Minnesota.-3Ma111892.</strong></span> <span class='ocrx_word' id='word_1_182' title='bbox 1047 2256 1111 2310; x_wconf 88' lang='lat' dir='ltr'><strong>pag.</strong></span> <span class='ocrx_word' id='word_1_183' title='bbox 1167 2253 1202 2308; x_wconf 88' lang='lat'><strong>73</strong></span> 
     </span>
    </p>
   </div>
   <div class='ocr_carea' id='block_1_6' title="bbox 87 2358 1203 3216">
    <p class='ocr_par' dir='ltr' id='par_1_6' title="bbox 87 2358 1203 3216">
     <span class='ocr_line' id='line_1_23' title="bbox 130 2358 1201 2430; baseline 0.001 -16"><span class='ocrx_word' id='word_1_184' title='bbox 130 2362 266 2430; x_wconf 85' lang='lat' dir='ltr'><strong>Quaestio</strong></span> <span class='ocrx_word' id='word_1_185' title='bbox 283 2363 319 2416; x_wconf 90' lang='lat' dir='ltr'><strong>de</strong></span> <span class='ocrx_word' id='word_1_186' title='bbox 333 2361 493 2416; x_wconf 88' lang='lat' dir='ltr'><strong>catholicae</strong></span> <span class='ocrx_word' id='word_1_187' title='bbox 504 2360 660 2430; x_wconf 86' lang='lat' dir='ltr'><strong>juventutis</strong></span> <span class='ocrx_word' id='word_1_188' title='bbox 680 2358 858 2414; x_wconf 91' lang='lat' dir='ltr'><strong>institutione</strong></span> <span class='ocrx_word' id='word_1_189' title='bbox 876 2376 966 2428; x_wconf 86' lang='lat' dir='ltr'><strong>nuper</strong></span> <span class='ocrx_word' id='word_1_190' title='bbox 979 2359 1087 2428; x_wconf 85' lang='lat' dir='ltr'><strong>agitata</strong></span> <span class='ocrx_word' id='word_1_191' title='bbox 1100 2358 1151 2415; x_wconf 90' lang='lat' dir='ltr'><strong>fuit</strong></span> <span class='ocrx_word' id='word_1_192' title='bbox 1172 2360 1201 2415; x_wconf 89' lang='lat' dir='ltr'><strong>in</strong></span> 
     </span>
     <span class='ocr_line' id='line_1_24' title="bbox 91 2446 1202 2518; baseline 0.002 -18"><span class='ocrx_word' id='word_1_193' title='bbox 91 2447 221 2501; x_wconf 89' lang='lat' dir='ltr'><strong>Statibus</strong></span> <span class='ocrx_word' id='word_1_194' title='bbox 231 2449 253 2502; x_wconf 85' lang='lat' dir='ltr'>F</span> <span class='ocrx_word' id='word_1_195' title='bbox 256 2449 398 2503; x_wconf 90' lang='lat' dir='ltr'><strong>oederatis</strong></span> <span class='ocrx_word' id='word_1_196' title='bbox 408 2449 558 2504; x_wconf 83' lang='lat' dir='ltr'><strong>Americae</strong></span> <span class='ocrx_word' id='word_1_197' title='bbox 569 2462 584 2515; x_wconf 91' lang='lat'><em>7</em></span> <span class='ocrx_word' id='word_1_198' title='bbox 588 2465 652 2518; x_wconf 88' lang='lat'><strong>3.-</strong></span> <span class='ocrx_word' id='word_1_199' title='bbox 663 2449 807 2502; x_wconf 87' lang='lat' dir='ltr'><strong>Constans</strong></span> <span class='ocrx_word' id='word_1_200' title='bbox 819 2448 846 2502; x_wconf 93' lang='lat' dir='ltr'><strong>S.</strong></span> <span class='ocrx_word' id='word_1_201' title='bbox 859 2447 927 2500; x_wconf 90' lang='lat' dir='ltr'><strong>Sedi</strong></span> <span class='ocrx_word' id='word_1_202' title='bbox 936 2446 1099 2501; x_wconf 90' lang='lat' dir='ltr'><strong>sollicitudo</strong></span> <span class='ocrx_word' id='word_1_203' title='bbox 1109 2447 1161 2502; x_wconf 90' lang='lat' dir='ltr'><strong>fuit</strong></span> <span class='ocrx_word' id='word_1_204' title='bbox 1171 2457 1202 2502; x_wconf 92' lang='lat' dir='ltr'><strong>ut</strong></span> 
     </span>
     <span class='ocr_line' id='line_1_25' title="bbox 87 2533 1202 2605; baseline 0 -17"><span class='ocrx_word' id='word_1_205' title='bbox 87 2535 224 2605; x_wconf 87' lang='lat' dir='ltr'><strong>juventus</strong></span> <span class='ocrx_word' id='word_1_206' title='bbox 234 2536 350 2590; x_wconf 87' lang='lat' dir='ltr'><strong>salutari</strong></span> <span class='ocrx_word' id='word_1_207' title='bbox 360 2535 489 2591; x_wconf 86' lang='lat' dir='ltr'><strong>doctrina</strong></span> <span class='ocrx_word' id='word_1_208' title='bbox 500 2535 672 2590; x_wconf 87' lang='lat' dir='ltr'><strong>imbueretur</strong></span> <span class='ocrx_word' id='word_1_209' title='bbox 680 2549 764 2602; x_wconf 89' lang='lat'>73.-</span> <span class='ocrx_word' id='word_1_210' title='bbox 772 2533 957 2590; x_wconf 87' lang='lat' dir='ltr'><strong>instructioni</strong></span> <span class='ocrx_word' id='word_1_211' title='bbox 968 2534 1052 2588; x_wconf 89' lang='lat' dir='ltr'><strong>datae</strong></span> <span class='ocrx_word' id='word_1_212' title='bbox 1062 2551 1079 2588; x_wconf 89' lang='lat' dir='ltr'><strong>a</strong></span> <span class='ocrx_word' id='word_1_213' title='bbox 1089 2535 1117 2588; x_wconf 91' lang='lat' dir='ltr'><strong>S.</strong></span> <span class='ocrx_word' id='word_1_214' title='bbox 1128 2536 1202 2588; x_wconf 88' lang='lat' dir='ltr'><strong>Con-</strong></span> 
     </span>
     <span class='ocr_line' id='line_1_26' title="bbox 91 2620 1203 2698; baseline 0.001 -25"><span class='ocrx_word' id='word_1_215' title='bbox 91 2621 259 2688; x_wconf 82' lang='lat' dir='ltr'><strong>gregatione</strong></span> <span class='ocrx_word' id='word_1_216' title='bbox 272 2622 538 2698; x_wconf 79' lang='lat' dir='ltr'><strong>adhaeserePatres</strong></span> <span class='ocrx_word' id='word_1_217' title='bbox 553 2620 674 2676; x_wconf 83' lang='lat' dir='ltr'><strong>Consilii</strong></span> <span class='ocrx_word' id='word_1_218' title='bbox 688 2621 915 2687; x_wconf 85' lang='lat' dir='ltr'><strong>Baltimorensis‚</strong></span> <span class='ocrx_word' id='word_1_219' title='bbox 927 2635 961 2673; x_wconf 91' lang='lat' dir='ltr'><strong>ac</strong></span> <span class='ocrx_word' id='word_1_220' title='bbox 971 2620 1085 2673; x_wconf 88' lang='lat' dir='ltr'><strong>scholas</strong></span> <span class='ocrx_word' id='word_1_221' title='bbox 1105 2620 1203 2674; x_wconf 87' lang='lat' dir='ltr'><strong>catho-</strong></span> 
     </span>
     <span class='ocr_line' id='line_1_27' title="bbox 90 2705 1202 2778; baseline 0 -18"><span class='ocrx_word' id='word_1_222' title='bbox 90 2710 164 2761; x_wconf 88' lang='lat' dir='ltr'><strong>licas</strong></span> <span class='ocrx_word' id='word_1_223' title='bbox 184 2709 334 2778; x_wconf 85' lang='lat' dir='ltr'><strong>erigendas</strong></span> <span class='ocrx_word' id='word_1_224' title='bbox 357 2719 525 2764; x_wconf 87' lang='lat' dir='ltr'><strong>curaverunt</strong></span> <span class='ocrx_word' id='word_1_225' title='bbox 545 2721 587 2777; x_wconf 86' lang='lat'><strong>73.</strong></span> <span class='ocrx_word' id='word_1_226' title='bbox 607 2737 642 2747; x_wconf 90' lang='lat'><em>-</em></span> <span class='ocrx_word' id='word_1_227' title='bbox 664 2709 709 2762; x_wconf 93' lang='lat' dir='ltr'><strong>De</strong></span> <span class='ocrx_word' id='word_1_228' title='bbox 729 2706 833 2773; x_wconf 84' lang='lat' dir='ltr'><strong>agendi</strong></span> <span class='ocrx_word' id='word_1_229' title='bbox 854 2707 965 2761; x_wconf 89' lang='lat' dir='ltr'><strong>ratione</strong></span> <span class='ocrx_word' id='word_1_230' title='bbox 985 2705 1202 2776; x_wconf 86' lang='lat' dir='ltr'><strong>Archiepiscopi</strong></span> 
     </span>
     <span class='ocr_line' id='line_1_28' title="bbox 94 2793 1203 2864; baseline 0.002 -17"><span class='ocrx_word' id='word_1_231' title='bbox 94 2796 124 2847; x_wconf 88' lang='lat' dir='ltr'><strong>S.</strong></span> <span class='ocrx_word' id='word_1_232' title='bbox 145 2794 226 2848; x_wconf 93' lang='lat' dir='ltr'><strong>Pauli</strong></span> <span class='ocrx_word' id='word_1_233' title='bbox 247 2805 345 2850; x_wconf 88' lang='lat' dir='ltr'><strong>exorta</strong></span> <span class='ocrx_word' id='word_1_234' title='bbox 357 2797 559 2864; x_wconf 89' lang='lat' dir='ltr'><strong>controversia,</strong></span> <span class='ocrx_word' id='word_1_235' title='bbox 572 2806 764 2864; x_wconf 91' lang='lat' dir='ltr'><strong>opportunum</strong></span> <span class='ocrx_word' id='word_1_236' title='bbox 783 2795 861 2848; x_wconf 88' lang='lat' dir='ltr'><strong>duxit</strong></span> <span class='ocrx_word' id='word_1_237' title='bbox 882 2795 910 2848; x_wconf 93' lang='lat' dir='ltr'><strong>S.</strong></span> <span class='ocrx_word' id='word_1_238' title='bbox 926 2795 1016 2848; x_wconf 91' lang='lat' dir='ltr'><strong>Sedes</strong></span> <span class='ocrx_word' id='word_1_239' title='bbox 1036 2811 1095 2848; x_wconf 91' lang='lat' dir='ltr'><strong>rem</strong></span> <span class='ocrx_word' id='word_1_240' title='bbox 1115 2793 1153 2848; x_wconf 91' lang='lat' dir='ltr'><strong>ad</strong></span> <span class='ocrx_word' id='word_1_241' title='bbox 1171 2809 1203 2850; x_wconf 90' lang='lat' dir='ltr'><strong>se</strong></span> 
     </span>
     <span class='ocr_line' id='line_1_29' title="bbox 88 2881 1202 2952; baseline 0 -18"><span class='ocrx_word' id='word_1_242' title='bbox 88 2898 213 2937; x_wconf 86' lang='lat' dir='ltr'><strong>avocare</strong></span> <span class='ocrx_word' id='word_1_243' title='bbox 224 2881 573 2951; x_wconf 80' lang='lat' dir='ltr'><strong>73·74.·-S.C0ngregatio</strong></span> <span class='ocrx_word' id='word_1_244' title='bbox 587 2884 687 2936; x_wconf 90' lang='lat' dir='ltr'><strong>tolerat</strong></span> <span class='ocrx_word' id='word_1_245' title='bbox 698 2883 915 2936; x_wconf 88' lang='lat' dir='ltr'><strong>conventionem</strong></span> <span class='ocrx_word' id='word_1_246' title='bbox 929 2883 965 2936; x_wconf 89' lang='lat' dir='ltr'><strong>ab</strong></span> <span class='ocrx_word' id='word_1_247' title='bbox 977 2882 1202 2952; x_wconf 86' lang='lat' dir='ltr'><strong>Archiepiscopo</strong></span> 
     </span>
     <span class='ocr_line' id='line_1_30' title="bbox 90 2970 1202 3048; baseline 0 -24"><span class='ocrx_word' id='word_1_248' title='bbox 90 2970 202 3038; x_wconf 89' lang='lat' dir='ltr'><strong>initam,</strong></span> <span class='ocrx_word' id='word_1_249' title='bbox 216 2983 244 3026; x_wconf 89' lang='lat' dir='ltr'><strong>et</strong></span> <span class='ocrx_word' id='word_1_250' title='bbox 270 2971 430 3042; x_wconf 90' lang='lat' dir='ltr'><strong>Episcopos</strong></span> <span class='ocrx_word' id='word_1_251' title='bbox 452 2972 490 3026; x_wconf 90' lang='lat' dir='ltr'><strong>ad</strong></span> <span class='ocrx_word' id='word_1_252' title='bbox 513 2973 696 3048; x_wconf 76' lang='lat' dir='ltr'><strong>concordiam</strong></span> <span class='ocrx_word' id='word_1_253' title='bbox 719 2971 890 3025; x_wconf 88' lang='lat' dir='ltr'><strong>servandam</strong></span> <span class='ocrx_word' id='word_1_254' title='bbox 910 2971 1040 3026; x_wconf 87' lang='lat' dir='ltr'><strong>hortatur</strong></span> <span class='ocrx_word' id='word_1_255' title='bbox 1057 2986 1100 3037; x_wconf 85' lang='lat'><strong>74.</strong></span> <span class='ocrx_word' id='word_1_256' title='bbox 1112 3001 1154 3024; x_wconf 89' lang='lat'><strong>-.</strong></span> <span class='ocrx_word' id='word_1_257' title='bbox 1168 2972 1202 3024; x_wconf 93' lang='lat' dir='ltr'><strong>In</strong></span> 
     </span>
     <span class='ocr_line' id='line_1_31' title="bbox 91 3057 1202 3128; baseline 0.002 -18"><span class='ocrx_word' id='word_1_258' title='bbox 91 3057 229 3126; x_wconf 88' lang='lat' dir='ltr'><strong>proximis</strong></span> <span class='ocrx_word' id='word_1_259' title='bbox 245 3059 375 3112; x_wconf 89' lang='lat' dir='ltr'><strong>Comitiis</strong></span> <span class='ocrx_word' id='word_1_260' title='bbox 388 3059 604 3128; x_wconf 85' lang='lat' dir='ltr'><strong>Archiepiscopi</strong></span> <span class='ocrx_word' id='word_1_261' title='bbox 624 3067 800 3126; x_wconf 82' lang='lat' dir='ltr'><strong>cognoscant</strong></span> <span class='ocrx_word' id='word_1_262' title='bbox 818 3058 856 3111; x_wconf 92' lang='lat' dir='ltr'><strong>de</strong></span> <span class='ocrx_word' id='word_1_263' title='bbox 875 3058 986 3112; x_wconf 90' lang='lat' dir='ltr'><strong>ratione</strong></span> <span class='ocrx_word' id='word_1_264' title='bbox 1007 3057 1202 3128; x_wconf 89' lang='lat' dir='ltr'><strong>prospiciendi</strong></span> 
     </span>
     <span class='ocr_line' id='line_1_32' title="bbox 91 3147 742 3216; baseline 0 -16"><span class='ocrx_word' id='word_1_265' title='bbox 91 3147 188 3216; x_wconf 89' lang='lat' dir='ltr'><strong>pueris</strong></span> <span class='ocrx_word' id='word_1_266' title='bbox 201 3147 248 3216; x_wconf 93' lang='lat' dir='ltr'><strong>qui</strong></span> <span class='ocrx_word' id='word_1_267' title='bbox 262 3149 368 3202; x_wconf 92' lang='lat' dir='ltr'><strong>adeunt</strong></span> <span class='ocrx_word' id='word_1_268' title='bbox 381 3147 495 3200; x_wconf 90' lang='lat' dir='ltr'><strong>scholas</strong></span> <span class='ocrx_word' id='word_1_269' title='bbox 508 3147 637 3216; x_wconf 89' lang='lat' dir='ltr'><strong>publicas</strong></span> <span class='ocrx_word' id='word_1_270' title='bbox 650 3159 742 3216; x_wconf 81' lang='grc'><strong><em>74-75.</em></strong></span> 
     </span>
    </p>
   </div>
   <div class='ocr_carea' id='block_1_7' title="bbox 91 3273 1202 3514">
    <p class='ocr_par' dir='ltr' id='par_1_7' title="bbox 91 3273 1202 3514">
     <span class='ocr_line' id='line_1_33' title="bbox 129 3273 1114 3338; baseline 0 -12"><span class='ocrx_word' id='word_1_271' title='bbox 129 3277 700 3330; x_wconf 79' lang='lat' dir='ltr'><strong>15.L1TTERAEAPOSTOL1CAE</strong></span> <span class='ocrx_word' id='word_1_272' title='bbox 712 3277 751 3326; x_wconf 85' lang='lat' dir='ltr'><strong>de</strong></span> <span class='ocrx_word' id='word_1_273' title='bbox 762 3275 969 3338; x_wconf 83' lang='lat' dir='ltr'><strong>indulgentia</strong></span> <span class='ocrx_word' id='word_1_274' title='bbox 982 3273 1114 3326; x_wconf 85' lang='lat' dir='ltr'><strong>“Toties</strong></span> 
     </span>
     <span class='ocr_line' id='line_1_34' title="bbox 91 3362 1113 3427; baseline -0.004 -12"><span class='ocrx_word' id='word_1_275' title='bbox 91 3367 222 3427; x_wconf 84' lang='lat' dir='ltr'><strong>quoties</strong></span> <span class='ocrx_word' id='word_1_276' title='bbox 230 3365 247 3390; x_wconf 89' lang='grc'>”</span> <span class='ocrx_word' id='word_1_277' title='bbox 265 3367 318 3415; x_wconf 87' lang='lat' dir='ltr'><strong>die</strong></span> <span class='ocrx_word' id='word_1_278' title='bbox 331 3366 413 3415; x_wconf 82' lang='lat' dir='ltr'><strong>festo</strong></span> <span class='ocrx_word' id='word_1_279' title='bbox 431 3365 592 3424; x_wconf 86' lang='lat' dir='ltr'><strong>Deiparae</strong></span> <span class='ocrx_word' id='word_1_280' title='bbox 611 3363 757 3426; x_wconf 84' lang='lat' dir='ltr'><strong>virginis</strong></span> <span class='ocrx_word' id='word_1_281' title='bbox 770 3362 810 3412; x_wconf 89' lang='lat' dir='ltr'><strong>de</strong></span> <span class='ocrx_word' id='word_1_282' title='bbox 830 3362 944 3411; x_wconf 85' lang='lat' dir='ltr'><strong>Monte</strong></span> <span class='ocrx_word' id='word_1_283' title='bbox 964 3362 1113 3412; x_wconf 83' lang='lat' dir='ltr'><strong>carmelo</strong></span> 
     </span>
     <span class='ocr_line' id='line_1_35' title="bbox 91 3445 1202 3514; baseline -0.005 -9"><span class='ocrx_word' id='word_1_284' title='bbox 91 3469 113 3505; x_wconf 91' lang='lat' dir='ltr'><strong>a</strong></span> <span class='ocrx_word' id='word_1_285' title='bbox 126 3453 584 3504; x_wconf 82' lang='lat' dir='ltr'><strong>Christlfidelibuslucranda.</strong></span> <span class='ocrx_word' id='word_1_286' title='bbox 599 3476 634 3485; x_wconf 90' lang='lat'><em>-</em></span> <span class='ocrx_word' id='word_1_287' title='bbox 647 3451 683 3500; x_wconf 90' lang='grc'><strong>16</strong></span> <span class='ocrx_word' id='word_1_288' title='bbox 698 3451 782 3500; x_wconf 87' lang='lat' dir='ltr'><strong>Maii</strong></span> <span class='ocrx_word' id='word_1_289' title='bbox 797 3449 877 3500; x_wconf 84' lang='lat'>1892</span> <span class='ocrx_word' id='word_1_290' title='bbox 1041 3461 1106 3514; x_wconf 83' lang='lat' dir='ltr'><strong>pag.</strong></span> <span class='ocrx_word' id='word_1_291' title='bbox 1168 3445 1202 3510; x_wconf 88' lang='lat'><strong>76</strong></span> 
     </span>
    </p>
   </div>
   <div class='ocr_carea' id='block_1_8' title="bbox 89 3562 1201 3894">
    <p class='ocr_par' dir='ltr' id='par_1_8' title="bbox 89 3562 1201 3894">
     <span class='ocr_line' id='line_1_36' title="bbox 130 3562 1200 3634; baseline -0.006 -10"><span class='ocrx_word' id='word_1_292' title='bbox 130 3567 269 3624; x_wconf 89' lang='lat' dir='ltr'><strong>Concedit</strong></span> <span class='ocrx_word' id='word_1_293' title='bbox 292 3566 421 3620; x_wconf 78' lang='lat' dir='ltr'><strong>Pontifex</strong></span> <span class='ocrx_word' id='word_1_294' title='bbox 442 3565 654 3633; x_wconf 90' lang='lat' dir='ltr'><strong>Indulgentiam</strong></span> <span class='ocrx_word' id='word_1_295' title='bbox 672 3562 831 3634; x_wconf 87' lang='lat' dir='ltr'><strong>plenariam</strong></span> <span class='ocrx_word' id='word_1_296' title='bbox 855 3562 983 3620; x_wconf 89' lang='lat' dir='ltr'><strong>‹Toties</strong></span> <span class='ocrx_word' id='word_1_297' title='bbox 1003 3562 1118 3632; x_wconf 86' lang='lat' dir='ltr'><strong>quoties</strong></span> <span class='ocrx_word' id='word_1_298' title='bbox 1131 3573 1158 3632; x_wconf 66' lang='lat' dir='ltr'><strong>a,</strong></span> <span class='ocrx_word' id='word_1_299' title='bbox 1171 3563 1200 3618; x_wconf 91' lang='lat' dir='ltr'><strong>in</strong></span> 
     </span>
     <span class='ocr_line' id='line_1_37' title="bbox 90 3647 1201 3723; baseline -0.009 -11"><span class='ocrx_word' id='word_1_300' title='bbox 90 3655 221 3712; x_wconf 89' lang='lat' dir='ltr'><strong>ecclesiis</strong></span> <span class='ocrx_word' id='word_1_301' title='bbox 241 3655 285 3708; x_wconf 89' lang='lat' dir='ltr'><strong>vel</strong></span> <span class='ocrx_word' id='word_1_302' title='bbox 307 3653 437 3708; x_wconf 90' lang='lat' dir='ltr'><strong>oratoriis</strong></span> <span class='ocrx_word' id='word_1_303' title='bbox 457 3653 579 3723; x_wconf 90' lang='lat' dir='ltr'><strong>publicis</strong></span> <span class='ocrx_word' id='word_1_304' title='bbox 602 3653 725 3706; x_wconf 88' lang='lat' dir='ltr'><strong>universi</strong></span> <span class='ocrx_word' id='word_1_305' title='bbox 750 3649 858 3705; x_wconf 91' lang='lat' dir='ltr'><strong>ordinis</strong></span> <span class='ocrx_word' id='word_1_306' title='bbox 879 3649 1083 3718; x_wconf 88' lang='lat' dir='ltr'><strong>Carmelitidis,</strong></span> <span class='ocrx_word' id='word_1_307' title='bbox 1104 3649 1151 3704; x_wconf 90' lang='lat' dir='ltr'><strong>die</strong></span> <span class='ocrx_word' id='word_1_308' title='bbox 1168 3647 1201 3703; x_wconf 89' lang='lat'><strong>16</strong></span> 
     </span>
     <span class='ocr_line' id='line_1_38' title="bbox 89 3737 1198 3812; baseline -0.005 -16"><span class='ocrx_word' id='word_1_309' title='bbox 89 3743 158 3812; x_wconf 92' lang='lat' dir='ltr'><strong>Julii</strong></span> <span class='ocrx_word' id='word_1_310' title='bbox 172 3741 339 3796; x_wconf 88' lang='lat' dir='ltr'><strong>lucrandam</strong></span> <span class='ocrx_word' id='word_1_311' title='bbox 351 3743 388 3796; x_wconf 92' lang='lat' dir='ltr'><strong>ab</strong></span> <span class='ocrx_word' id='word_1_312' title='bbox 401 3739 533 3794; x_wconf 88' lang='lat' dir='ltr'><strong>omnibus</strong></span> <span class='ocrx_word' id='word_1_313' title='bbox 548 3739 758 3807; x_wconf 90' lang='lat' dir='ltr'><strong>Fidelibus,sub</strong></span> <span class='ocrx_word' id='word_1_314' title='bbox 771 3738 916 3793; x_wconf 89' lang='lat' dir='ltr'><strong>consuetis</strong></span> <span class='ocrx_word' id='word_1_315' title='bbox 927 3737 1140 3792; x_wconf 89' lang='lat' dir='ltr'><strong>conditionibus</strong></span> <span class='ocrx_word' id='word_1_316' title='bbox 1156 3738 1198 3805; x_wconf 87' lang='lat'><strong>76.</strong></span> 
     </span>
     <span class='ocr_line' id='line_1_39' title="bbox 89 3825 1050 3894; baseline -0.002 -12"><span class='ocrx_word' id='word_1_317' title='bbox 89 3861 126 3869; x_wconf 93' lang='lat'>—</span> <span class='ocrx_word' id='word_1_318' title='bbox 141 3830 338 3884; x_wconf 87' lang='lat' dir='ltr'><strong>Praesentium</strong></span> <span class='ocrx_word' id='word_1_319' title='bbox 351 3828 509 3882; x_wconf 88' lang='lat' dir='ltr'><strong>litterarum</strong></span> <span class='ocrx_word' id='word_1_320' title='bbox 522 3828 564 3882; x_wconf 90' lang='lat' dir='ltr'><strong>vis</strong></span> <span class='ocrx_word' id='word_1_321' title='bbox 578 3839 605 3882; x_wconf 90' lang='lat' dir='ltr'><strong>et</strong></span> <span class='ocrx_word' id='word_1_322' title='bbox 618 3828 774 3882; x_wconf 88' lang='lat' dir='ltr'><strong>auctoritas</strong></span> <span class='ocrx_word' id='word_1_323' title='bbox 786 3825 945 3880; x_wconf 88' lang='lat' dir='ltr'><strong>vindicatur</strong></span> <span class='ocrx_word' id='word_1_324' title='bbox 959 3826 1050 3894; x_wconf 89' lang='lat'>76-77.</span> 
     </span>
    </p>
   </div>
   <div class='ocr_carea' id='block_1_9' title="bbox 89 3907 1199 4092">
    <p class='ocr_par' dir='ltr' id='par_1_9' title="bbox 89 3907 1199 4092">
     <span class='ocr_line' id='line_1_40' title="bbox 128 3907 1111 4006; baseline -0.004 -13"><span class='ocrx_word' id='word_1_325' title='bbox 128 3945 174 3996; x_wconf 78' lang='lat'><strong>16.</strong></span> <span class='ocrx_word' id='word_1_326' title='bbox 198 3945 409 3995; x_wconf 83' lang='lat' dir='ltr'><strong>EPISTOLA</strong></span> <span class='ocrx_word' id='word_1_327' title='bbox 428 3944 470 3992; x_wconf 94' lang='lat' dir='ltr'><strong>ad</strong></span> <span class='ocrx_word' id='word_1_328' title='bbox 489 3945 668 4006; x_wconf 82' lang='lat' dir='ltr'><strong>Episcopos</strong></span> <span class='ocrx_word' id='word_1_329' title='bbox 686 3907 875 4006; x_wconf 76' lang='lat' dir='ltr'><strong>provinciae</strong></span> <span class='ocrx_word' id='word_1_330' title='bbox 895 3941 1111 3992; x_wconf 85' lang='lat' dir='ltr'><strong>Neo-Ebora-</strong></span> 
     </span>
     <span class='ocr_line' id='line_1_41' title="bbox 89 4025 1199 4092; baseline -0.002 -10"><span class='ocrx_word' id='word_1_331' title='bbox 89 4031 728 4084; x_wconf 69' lang='lat' dir='ltr'><strong>censrsdescnons.-23Ma111892</strong></span> <span class='ocrx_word' id='word_1_332' title='bbox 1046 4041 1109 4092; x_wconf 82' lang='lat' dir='ltr'><strong>pag.</strong></span> <span class='ocrx_word' id='word_1_333' title='bbox 1165 4025 1199 4091; x_wconf 88' lang='grc'><strong>78</strong></span> 
     </span>
    </p>
   </div>
   <div class='ocr_carea' id='block_1_10' title="bbox 89 4135 1198 4384">
    <p class='ocr_par' dir='ltr' id='par_1_10' title="bbox 89 4135 1198 4384">
     <span class='ocr_line' id='line_1_42' title="bbox 129 4135 1198 4210; baseline -0.003 -16"><span class='ocrx_word' id='word_1_334' title='bbox 129 4143 282 4210; x_wconf 86' lang='lat' dir='ltr'><strong>Pergratae</strong></span> <span class='ocrx_word' id='word_1_335' title='bbox 305 4138 434 4195; x_wconf 88' lang='lat' dir='ltr'><strong>Pontifici</strong></span> <span class='ocrx_word' id='word_1_336' title='bbox 455 4139 567 4193; x_wconf 91' lang='lat' dir='ltr'><strong>fuerunt</strong></span> <span class='ocrx_word' id='word_1_337' title='bbox 590 4139 757 4194; x_wconf 86' lang='lat' dir='ltr'><strong>Antistitum</strong></span> <span class='ocrx_word' id='word_1_338' title='bbox 779 4137 899 4206; x_wconf 88' lang='lat' dir='ltr'><strong>litterae,</strong></span> <span class='ocrx_word' id='word_1_339' title='bbox 922 4154 995 4207; x_wconf 85' lang='lat' dir='ltr'><strong>quae</strong></span> <span class='ocrx_word' id='word_1_340' title='bbox 1017 4147 1045 4190; x_wconf 91' lang='lat' dir='ltr'><strong>et</strong></span> <span class='ocrx_word' id='word_1_341' title='bbox 1071 4135 1198 4205; x_wconf 88' lang='lat' dir='ltr'><strong>ipsorum</strong></span> 
     </span>
     <span class='ocr_line' id='line_1_43' title="bbox 89 4223 1198 4298; baseline -0.003 -17"><span class='ocrx_word' id='word_1_342' title='bbox 89 4228 182 4282; x_wconf 89' lang='lat' dir='ltr'><strong>zelum</strong></span> <span class='ocrx_word' id='word_1_343' title='bbox 196 4237 223 4282; x_wconf 92' lang='lat' dir='ltr'><strong>et</strong></span> <span class='ocrx_word' id='word_1_344' title='bbox 236 4227 372 4298; x_wconf 85' lang='lat' dir='ltr'><strong>pietatem</strong></span> <span class='ocrx_word' id='word_1_345' title='bbox 386 4227 414 4280; x_wconf 93' lang='lat' dir='ltr'><strong>in</strong></span> <span class='ocrx_word' id='word_1_346' title='bbox 429 4227 458 4280; x_wconf 92' lang='lat' dir='ltr'><strong>S.</strong></span> <span class='ocrx_word' id='word_1_347' title='bbox 473 4225 578 4280; x_wconf 89' lang='lat' dir='ltr'><strong>Sedem</strong></span> <span class='ocrx_word' id='word_1_348' title='bbox 596 4228 751 4281; x_wconf 88' lang='lat' dir='ltr'><strong>declarant.</strong></span> <span class='ocrx_word' id='word_1_349' title='bbox 766 4223 911 4279; x_wconf 86' lang='lat' dir='ltr'><strong>Sollicitus</strong></span> <span class='ocrx_word' id='word_1_350' title='bbox 924 4235 951 4278; x_wconf 89' lang='lat' dir='ltr'><strong>et</strong></span> <span class='ocrx_word' id='word_1_351' title='bbox 965 4224 1026 4293; x_wconf 91' lang='lat' dir='ltr'><strong>ipse</strong></span> <span class='ocrx_word' id='word_1_352' title='bbox 1039 4223 1075 4276; x_wconf 89' lang='lat' dir='ltr'><strong>de</strong></span> <span class='ocrx_word' id='word_1_353' title='bbox 1088 4223 1198 4278; x_wconf 90' lang='lat' dir='ltr'><strong>Ameri-</strong></span> 
     </span>
     <span class='ocr_line' id='line_1_44' title="bbox 90 4313 1197 4384; baseline -0.003 -14"><span class='ocrx_word' id='word_1_354' title='bbox 90 4333 164 4370; x_wconf 88' lang='lat' dir='ltr'><strong>cana</strong></span> <span class='ocrx_word' id='word_1_355' title='bbox 180 4316 318 4384; x_wconf 89' lang='lat' dir='ltr'><strong>Ecclesia,</strong></span> <span class='ocrx_word' id='word_1_356' title='bbox 339 4313 462 4384; x_wconf 88' lang='lat' dir='ltr'><strong>graviter</strong></span> <span class='ocrx_word' id='word_1_357' title='bbox 481 4313 544 4367; x_wconf 89' lang='lat' dir='ltr'><strong>tulit</strong></span> <span class='ocrx_word' id='word_1_358' title='bbox 566 4313 700 4370; x_wconf 87' lang='lat' dir='ltr'><strong>miseram</strong></span> <span class='ocrx_word' id='word_1_359' title='bbox 724 4313 965 4368; x_wconf 88' lang='lat' dir='ltr'><strong>concertationem</strong></span> <span class='ocrx_word' id='word_1_360' title='bbox 992 4327 1081 4380; x_wconf 92' lang='lat' dir='ltr'><strong>nuper</strong></span> <span class='ocrx_word' id='word_1_361' title='bbox 1105 4321 1197 4367; x_wconf 87' lang='lat' dir='ltr'><strong>ortam</strong></span> 
     </span>
    </p>
   </div>
   <div class='ocr_carea' id='block_1_11' title="bbox 0 0 1612 4880">
    <p class='ocr_par' dir='ltr' id='par_1_11' title="bbox 0 0 1612 4880">
     <span class='ocr_line' id='line_1_45' title="bbox 0 0 1612 4880; baseline 0 1"><span class='ocrx_word' id='word_1_362' title='bbox 0 0 1612 4880; x_wconf 95' lang='lat' dir='ltr'><strong> </strong></span> 
     </span>
    </p>
   </div>
  </div>
 </body>
</html>
