3250 4888
423 267 492 354 136
546 285 737 337 titianae
756 289 1013 340 apostoncae
1037 277 1055 303 ‘¹
1075 287 1305 338 onnvtssmre
1325 289 1408 339 uos.
1429 265 1444 290 ’⁸

419 437 506 513 tatis,
523 439 729 516 temeritatis,
743 439 871 515 erroris,
885 449 920 502 at
937 461 1016 504 vero
1030 441 1073 504 ab
1089 459 1156 502 una
1173 439 1229 501 illa
1247 439 1430 520 eademque
1445 439 1514 501 doc-

418 541 525 603 trinae
534 541 651 620 forma,
668 552 844 624 tantopere
871 545 1060 608 desiderata
1076 555 1110 607 et
1126 544 1375 619 commendata,
1390 561 1515 623 prorsus

307 651 393 715 Magus
417 644 635 710 discederent.
654 647 761 729 ldque
771 647 919 711 deterius
936 647 1038 725 fieret,
1055 649 1081 710 si
1099 646 1264 710 eiusmodi
1276 645 1379 708 libera
1393 647 1515 728 opinio·

294 719 394 766 titane
443 749 450 761 .
551 749 558 762 .
813 752 820 764 .
970 752 978 766 .
1440 752 1447 764 .

268 784 360 846 ,bh-g„
369 785 395 830 5,-
418 767 468 809 ms
485 769 581 830 copta
597 751 639 812 ad
658 769 697 813 ea
713 752 887 814 doctrinae
904 761 1015 834 eaptta
1031 751 1251 814 advocaretur
1267 771 1354 832 quae
1371 751 1514 814 Societas

242 864 292 962 ζεῖ
303 849 393 976 effla
418 851 450 912 in
467 853 763 916 constitutionibus
780 865 881 937 atque
898 859 931 918 in
945 856 1092 918 elenchis
1112 877 1171 936 per
1188 875 1339 918 summos
1356 856 1517 936 praeposi·

285 979 392 1028 sicanas
417 963 479 1032 tos,
501 956 661 1020 mandatu
688 957 997 1042 congregationum
1030 960 1246 1041 generalium,
1263 959 1433 1036 coniectis,
1456 961 1515 1023 iarn

239 1045 393 1158 surffft'glffi
417 1071 530 1143 aperte
543 1063 638 1125 iussit
654 1062 698 1125 ab
715 1063 876 1124 universis
894 1063 1106 1126 admittenda
1122 1083 1195 1125 esse
1212 1063 1262 1125 vel
1280 1063 1517 1146 improbanda;

241 1175 395 1288 ammom
417 1185 503 1246 quae
520 1165 655 1229 libertas
679 1167 712 1228 in
730 1167 901 1229 licentiam
934 1177 968 1230 et
996 1167 1128 1248 culpam
1161 1167 1431 1231 descisceret-
1450 1167 1517 1229 Hoc

243 1305 294 1353 tus.
418 1267 532 1348 legiler
549 1270 648 1332 Pater
664 1279 836 1351 tamquam
856 1270 1075 1335 fundamento
1092 1273 1123 1334 in
1138 1272 1307 1336 Societate
1321 1272 1443 1352 posito,
1458 1291 1517 1352 quo

417 1382 588 1453 praeterea
598 1373 728 1435 iudicio
741 1375 940 1450 excellebat,
957 1385 1081 1438 certam
1100 1377 1171 1456 ipse
1188 1395 1288 1438 unam
1309 1375 1438 1456 delegit
1460 1375 1517 1438 lor-

274 1471 391 1546 &tgna-
417 1497 507 1542 mam
524 1481 706 1556 doctrinae,
722 1499 833 1562 quam,
849 1489 968 1560 utpote
997 1481 1147 1542 maxime
1173 1481 1325 1542 omnium
1354 1479 1513 1560 integram

268 1543 392 1666 thltlii
416 1593 449 1642 et
466 1581 678 1660 eminentem,
694 1583 913 1647 consensione
926 1583 1114 1664 sapientum
1130 1593 1162 1646 et
1179 1585 1339 1647 diuturno
1357 1603 1417 1646 usu
1435 1605 1515 1645 com·

258 1666 393 1793 ‘lr‘fflgssz
417 1685 603 1764 probatam,
622 1707 701 1766 prae
716 1687 833 1750 ceteris
857 1687 900 1750 ab
918 1687 1071 1749 Ecclesia
1098 1687 1279 1761 laudatam,
1296 1689 1382 1750 bene
1415 1687 1518 1769 potuit

253 1797 393 1873 detritum
418 1787 492 1850 filiis
519 1791 587 1854 suis
613 1791 846 1872 praescribere,
873 1811 987 1854 eorum
1021 1792 1188 1854 mentibus
1221 1811 1287 1853 non
1318 1793 1424 1854 modo
1460 1791 1518 1852 vim

261 1862 393 1976 5222&ss
419 1889 560 1956 afferens
579 1894 715 1972 nullam,
731 1895 788 1958 sed
807 1895 912 1956 immo
930 1893 1090 1975 pabulum
1107 1894 1274 1956 exhibens
1291 1893 1516 1976 incorruptum

277 1993 303 2040 T
298 1993 392 2052 homae,
418 2007 451 2059 et
468 1997 612 2061 salutare
632 2021 639 2076 ;
656 2019 762 2080 eaque
779 1998 840 2060 tuit
868 1999 1021 2060 doctrina
1040 1998 1073 2062 S.
1087 1997 1241 2060 Thomae
1259 1997 1464 2078 Aquinatis:
1484 1997 1518 2058 lu

419 2099 575 2182 theologia
590 2103 715 2182 legetur
732 2150 738 2162 .
761 2151 767 2162 .
792 2150 799 2162 .
823 2099 993 2163 .doctrina
1009 2099 1197 2162 scholastica
1213 2101 1301 2162 Divi
1319 2101 1349 2162 T
1346 2101 1462 2164 homae
1476 2101 1486 2181 (
1502 2099 1519 2180 l.

421 2203 609 2268 Fatendum
630 2225 709 2267 sane
726 2215 776 2266 est
793 2213 946 2266 sanctum
962 2203 1200 2282 Fundatorem,
1218 2206 1312 2269 salvo
1329 2206 1467 2287 quidem
1485 2205 1519 2266 de

421 2289 576 2368 u‘nilormi
602 2307 754 2369 doctrina
780 2313 968 2387 praecepto
995 2309 1133 2386 eiusque
1161 2307 1206 2368 rei
1238 2327 1356 2370 caussa
1372 2307 1519 2370 doctrina

273 2458 394 2516 sautiare
421 2407 574 2488 Angelici
591 2410 791 2491 anteposita,
802 2419 962 2484 attamen,
979 2420 1015 2472 ut
1027 2419 1119 2489 patet
1146 2429 1190 2470 ex
1209 2409 1322 2473 multis
1347 2410 1431 2473 locis
1447 2428 1517 2472 con·

259 2529 392 2636 “d‘'ss·
418 2513 642 2588 stitutionum,
673 2515 764 2576 suavi
792 2513 939 2594 quadam
972 2513 1149 2593 prudentia
1182 2513 1357 2596 reliquisse
1382 2513 1519 2595 posteris

242 2595 393 2702 sminssss
418 2615 611 2679 facultatem
629 2617 857 2700 designandae
879 2618 1174 2699 doctri-nae,quam
1191 2627 1226 2679 et
1242 2627 1376 2700 tempus
1393 2627 1429 2682 et
1455 2619 1520 2698 ipsa

242 2719 394 2833 terminari}
418 2741 525 2784 rerum
557 2722 713 2785 tractatio
731 2720 891 2786 Societati
923 2721 1087 2803 aptiorem
1112 2741 1183 2783 esse
1208 2733 1403 2785 monerent:
1420 2740 1520 2804 aeque

237 2857 285 2912 pr,
304 2856 391 2913 rentpo·
417 2845 495 2886 vero
512 2824 695 2904 latendum,
709 2827 825 2888 eadem
844 2835 996 2906 posteros
1014 2825 1176 2888 facultate
1193 2826 1320 2890 iamdiu
1349 2845 1423 2890 esse
1440 2843 1522 2896 usos,

243 2915 391 3030 natatili·
418 2939 519 3010 atque
550 2931 779 2993 laudatissime
809 2947 896 3004 usos,
920 2950 987 3011 quo
1020 2929 1120 3010 plane
1153 2931 1255 2993 modo
1278 2931 1422 2994 decebat
1440 2927 1520 2992 tanti

225 3049 227 3054 ·
419 3033 522 3114 patris
540 3031 633 3108 lilios,
650 3035 720 3096 eius
737 3033 839 3094 animi
862 3045 895 3095 et
918 3034 1051 3096 virtutis
1074 3032 1223 3098 heredes.
1240 3034 1377 3098 Etenim
1400 3035 1435 3097 in
1452 3051 1522 3096 con-

419 3136 613 3219 gregatione
630 3159 658 3200 v.
674 3137 820 3218 generali
839 3145 1143 3200 commemorantes
1159 3145 1272 3218 patres
1295 3139 1426 3202 monita
1452 3155 1522 3200 con·

287 3248 392 3311 Harsa-
418 3241 641 3317 stitutionum,
653 3240 752 3302 nnius
766 3241 933 3322 scriptoris
949 3240 1131 3303 doctrinam
1156 3241 1339 3323 eligendam
1355 3263 1432 3318 esse,
1447 3259 1521 3304 una·

242 3313 392 3428 ffjlaffl,
419 3344 500 3408 nimi
516 3363 679 3408 consensu
697 3353 896 3419 statuerunt,
911 3343 1094 3407 doctrinam
1112 3344 1148 3407 S.
1167 3343 1307 3408 Thaenae
1323 3346 1358 3406 iu
1369 3343 1522 3425 theologia

255 3445 392 3558 Qutfjtt·
417 3448 605 3512 scholastica
622 3433 790 3530 tamquam
806 3447 1001 3524 solidiorem,
1016 3449 1217 3523 securiorem,
1242 3450 1349 3530 magii
1371 3447 1521 3531 approba-

242 3516 333 3633 εἴη,
350 3526 391 3623 ‘ll
419 3563 487 3616 tam
503 3559 534 3615 et
547 3562 792 3615 carosentaneam
807 3551 1090 3614 constitutionibus
1108 3552 1304 3633 sequendam
1319 3573 1385 3615 esse
1396 3553 1440 3635 (²)
1457 3550 1521 3614 :cui

230 3683 231 3688 ¹
269 3640 393 3704 qaudam
418 3657 553 3718 decreto
578 3675 646 3738 quo
667 3654 741 3735 plus
765 3653 932 3717 firmitatis
952 3657 1135 3732 accederet,
1159 3654 1243 3717 baec
1268 3656 1389 3718 addita
1413 3653 1520 3718 volue-

242 3713 393 3820 nllasilrellll
419 3769 512 3822 runt:
527 3758 647 3822 Nostri
660 3759 790 3821 omnino
804 3757 839 3822 S.
862 3757 892 3820 T
888 3759 1018 3820 hamam
1041 3769 1078 3821 ut
1097 3759 1270 3840 proprium
1293 3760 1453 3823 doctorem
1468 3760 1520 3824 ha·

241 3837 391 3951 ,52:225
418 3862 521 3939 beant,
537 3883 643 3946 eoque
655 3864 800 3943 amplius
815 3873 850 3924 ut
860 3863 971 3924 nullus
981 3861 1210 3924 addocendum
1223 3862 1416 3944 theologiam
1433 3885 1519 3926 assu-

240 3969 339 4016 trinam
362 3968 389 4017 S.
418 3976 538 4042 matur,
553 3965 612 4048 qui
626 3985 688 4028 non
703 3966 750 4028 sit
764 3985 837 4028 vere
855 3965 890 4028 S.
914 3965 943 4027 T
941 3965 1054 4028 homae
1068 3964 1236 4028 doctrinae
1259 3965 1452 4042 studiosus,·
1467 3963 1522 4047 qni

244 4035 360 4083 Thenai.
417 4091 491 4132 vero
506 4069 546 4132 ab
561 4091 595 4132 eo
610 4079 689 4132 sunt
702 4069 813 4146 alieni,
829 4067 961 4132 omnino
971 4079 1199 4132 removeantur
1214 4068 1265 4150 (³).
1285 4067 1382 4151 Quae
1397 4069 1518 4140 omnia,

417 4181 487 4236 tam
502 4173 711 4236 considerate
728 4181 761 4235 et
774 4173 955 4253 prudenter
971 4172 1133 4247 consulta,
1147 4174 1257 4251 potius
1274 4191 1375 4253 quam
1392 4173 1516 4234 diutur-

447 4304 466 4336 1.
483 4291 570 4342 Consi,
581 4304 603 4348 p.
619 4300 652 4342 tv,
666 4303 686 4336 c.
700 4291 808 4348 xlv.§1.
822 4315 851 4324 -
867 4303 891 4336 2.
904 4291 1000 4350 Congr..
1014 4301 1037 4344 v,
1048 4292 1109 4336 decr.
1123 4303 1159 4346 ar.
1170 4313 1198 4323 ·-
1209 4305 1230 4349 3.
1244 4289 1288 4342 li..
1301 4291 1364 4336 decr.
1379 4291 1414 4348 56.
