3250 4888
437 301 506 393 158
628 307 811 374 emsrom
832 312 851 338 “
872 323 996 374 cenna
1012 324 1306 380 saepenumero.
1328 305 1345 336 '¹

248 475 309 556 'lum
328 485 406 564 lfem
432 467 602 548 mandatis¹
626 485 804 567 praecipue
830 481 984 546 dedimus
1008 483 1072 565 ipsi
1098 484 1365 570 Archiepiscopo
1383 487 1524 572 Naupac-

248 550 407 668 ”fflss
431 585 526 663 tensi,
550 593 586 648 ut
613 605 749 649 omnem
774 585 939 650 conferret
968 606 1106 668 operam
1137 597 1171 652 et
1201 587 1368 652 fraternae
1392 593 1526 656 caritatis

248 685 407 798 Ιιιξὲζξῖίὲ
430 689 629 754 industriam
645 690 688 753 ad
704 690 819 753 omnia
834 687 1007 752 evellenda
1031 689 1160 754 dissidii
1182 691 1332 773 germina
1356 692 1389 754 in
1406 703 1526 757 contro

276 785 283 824 '¹
301 812 404 862 carluti-
429 793 544 858 versiis
560 794 659 857 nimis
674 791 818 875 cognitis
834 792 876 855 de
892 805 982 856 recta
1006 793 1191 857 catholicae
1206 795 1390 859 iuventutis
1406 797 1527 862 institu-

277 892 403 993 {nm-¹
430 898 542 974 tione;
569 897 622 960 cui
648 896 788 960 dissidio
812 915 872 978 per
897 893 930 957 id
958 905 1092 978 tempus
1107 895 1280 960 addebant
1297 897 1527 980 lacesvulgata

283 1011 356 1060 rione.
429 1002 595 1084 quaedam
613 999 784 1064 doctrinae
802 999 913 1082 capita
928 1009 962 1062 et
978 1001 1164 1066 sententiae
1179 1000 1355 1083 dequibus
1371 1005 1527 1067 concitata

280 1091 282 1102 ’
428 1117 499 1172 erat
515 1105 602 1170 ultro
617 1105 766 1187 citroque
782 1104 975 1186 disputatio.
992 1103 1165 1168 Mandatis
1191 1105 1283 1168 hisce
1311 1105 1446 1170 Nostris
1464 1127 1527 1171 om·

257 1175 404 1292 ,faxisti-f
428 1214 509 1276 nino
533 1209 643 1292 paruit
669 1208 757 1271 idern
786 1206 998 1271 Venerabilis
1023 1207 1148 1286 Frater,
1164 1227 1203 1272 ac
1224 1210 1397 1274 novembri
1423 1231 1526 1274 mense

286 1307 404 1421 ‘ossif
428 1313 606 1398 superioris
621 1311 701 1374 anni
719 1309 1000 1375 Neo-Eboracum
1018 1312 1175 1393 perrexit,
1190 1332 1259 1396 quo
1271 1322 1392 1391 tecum,
1416 1314 1528 1378 dilecte

273 1389 402 1488 Nlhlslo'f
428 1418 492 1482 Fili
510 1417 642 1490 Noster,
654 1416 755 1480 ceteri
767 1425 992 1480 convenerant
1003 1416 1148 1498 regionis
1159 1415 1255 1480 istius
1271 1417 1527 1501 Archiepiscopi,

279 1519 402 1620 ωζξζῆῗ
427 1521 592 1586 desiderio
609 1519 734 1584 Nostro
749 1519 909 1598 obsecuti,
924 1519 1014 1602 quod
1040 1531 1111 1584 erat
1136 1541 1156 1583 a
1182 1521 1290 1584 Nobis
1314 1541 1374 1604 per
1398 1521 1526 1587 Sacram

282 1635 402 1701 probavit
428 1627 732 1709 Congregationem
749 1626 792 1689 de
808 1625 1031 1708 Propaganda
1048 1627 1132 1690 Fide
1148 1626 1383 1710 significatum,
1401 1637 1447 1708 ut,
1458 1649 1526 1693 con·

294 1701 398 1763 legatus,
426 1731 522 1795 sultis
545 1741 645 1794 antea
661 1727 889 1811 suffraganeis
906 1727 983 1806 suis,
998 1729 1137 1792 consilia
1152 1729 1342 1793 conferrent
1354 1751 1393 1794 ac
1411 1733 1527 1796 delibe-

426 1845 537 1901 rarent
565 1835 608 1898 de
634 1833 762 1917 optima
779 1834 908 1896 ratione
930 1833 1155 1915 prospiciendi
1171 1835 1281 1916 pueris
1299 1832 1464 1914 fidelibus,
1478 1837 1526 1919 qui

424 1959 486 2020 pro
512 1935 637 2000 scholis
667 1935 840 1999 catholicis
870 1936 1049 2018 gymnasia
1075 1935 1244 2000 celebrent
1271 1935 1416 2018 publica.
1440 1937 1526 2021 Quae

423 2041 591 2122 sapienter
620 2060 641 2102 a
669 2039 765 2104 vobis
794 2039 826 2102 in
858 2059 899 2102 eo
926 2050 1093 2104 conventu
1119 2039 1254 2102 decreta
1278 2050 1355 2104 sunt
1379 2041 1526 2123 placuere

423 2147 532 2210 eidem
549 2143 814 2226 Archiepiscopo
831 2143 1071 2226 Naupactensi,
1087 2143 1155 2226 qui,
1171 2141 1363 2207 collaudata
1379 2165 1443 2226 pro
1466 2167 1525 2209 rne-
1592 2183 1593 2186 =

422 2250 487 2313 rito
502 2247 679 2331 prudentia
694 2256 813 2323 vestra,
828 2247 957 2310 censuit
973 2247 1119 2327 optimas
1136 2267 1180 2309 ex
1205 2247 1244 2308 iis
1263 2248 1354 2310 scitis
1370 2248 1525 2312 utilitates

423 2371 496 2415 esse
515 2358 715 2413 manaturas.
733 2347 833 2430 Quod
852 2349 923 2411 Nos
940 2349 1098 2412 iudicium
1121 2348 1299 2430 perlibenti
1323 2351 1441 2415 animo
1456 2371 1523 2414 con-

260 2486 290 2519 ac
307 2459 396 2536 confirss
423 2450 595 2514 firmamus
611 2458 645 2512 et
668 2447 771 2510 iustas
787 2448 848 2510 tibi
872 2449 1057 2530 ceterisque
1081 2447 1303 2526 Praesulibus,
1318 2459 1432 2514 tecum
1454 2471 1523 2515 con·

245 2543 299 2650 '2⁸
309 2539 396 2588 Ponet·
424 2553 557 2636 gressis,
573 2551 689 2613 laudes
706 2549 893 2627 tribuimus,
908 2551 998 2633 quod
1011 2561 1201 2634 opportune
1217 2551 1357 2615 consilio
1381 2564 1417 2619 et
1431 2575 1524 2636 expe-

282 2639 396 2770 hroposi·
423 2656 562 2720 ctationi
587 2655 732 2718 Nostrae
762 2655 1009 2736 responderitis.
1045 2655 1097 2718 Eo
1127 2665 1240 2718 autem
1265 2666 1419 2738 tempore
1443 2659 1522 2721 idem

242 2771 399 2820 tionibusad
422 2755 632 2821 Venerabilis
659 2754 776 2816 Frater
802 2771 905 2836 quum
930 2753 1040 2831 vellet,
1057 2765 1092 2818 ut
1110 2753 1217 2819 Nobis
1241 2755 1274 2818 in
1302 2759 1430 2839 optatis
1453 2769 1523 2834 erat,

258 2838 395 2952 '‘mg''
423 2859 635 2942 quaestiones
651 2857 842 2940 praecidere
865 2858 908 2920 de
931 2867 1022 2921 recta
1046 2858 1228 2924 iuventutis
1243 2861 1466 2940 institutione,
1486 2862 1522 2924 de

274 2985 292 3018 a
316 2969 394 3046 regan
420 2983 496 3046 qua,
511 2964 578 3025 iam
605 2961 764 3038 diximus,
779 2959 924 3023 incensis
948 2961 1070 3024 animis
1093 2962 1226 3046 acrique
1242 2964 1392 3044 partium
1410 2963 1522 3038 studio,

239 3049 394 3160 ,mm
420 3065 518 3130 editis
549 3063 651 3128 etiam
683 3063 825 3144 scriptis,
855 3064 1056 3142 certabatur,
1086 3067 1334 3148 propositiones
1363 3069 1521 3151 quasdam

233 3166 393 3294 ζῖξῇἵειῖῡ
418 3169 512 3235 vobis
544 3167 698 3232 exhibuit
729 3167 772 3230 ab
803 3187 839 3230 sc
870 3169 1097 3246 concinnatas,
1122 3171 1291 3252 duplicem
1322 3173 1520 3255 attingentes

239 3267 307 3344 aba}
315 3297 392 3345 Pras-
417 3275 578 3352 ordinem,
593 3292 660 3354 quo
692 3272 831 3335 scientia
858 3273 1006 3337 veritatis
1032 3283 1066 3336 ct
1092 3274 1182 3336 actio
1209 3275 1297 3338 vitae
1327 3275 1520 3338 continetur.

269 3361 391 3490 qffljssjj
419 3379 568 3462 Quarum
584 3377 652 3439 vim
674 3385 707 3439 et
734 3377 866 3458 pondus
883 3377 1151 3460 propositionum
1168 3397 1272 3461 quum
1292 3379 1440 3460 graviter
1454 3398 1518 3462 per·
1589 3423 1590 3432 ,

281 3491 390 3569 declara·
415 3483 587 3567 pendisset
618 3479 955 3562 Archiepiscoporum
987 3491 1111 3558 coetus,
1142 3491 1175 3545 et
1205 3483 1369 3564 quasdam
1410 3485 1444 3546 in
1477 3483 1517 3544 eis

242 3564 393 3673 ,mm-{f
416 3586 656 3652 declarationes
669 3583 987 3666 emendationesque
999 3584 1158 3666 petiisset,
1171 3595 1349 3667 utrumque
1367 3585 1516 3668 Naupac-

243 3703 294 3738 ms.
416 3691 518 3755 tensis
535 3687 688 3752 Antistes
705 3687 813 3750 alacer
828 3688 1004 3768 praestitit.
1021 3688 1099 3771 Quo
1115 3687 1205 3752 lacto
1220 3689 1415 3771 spectabilis
1437 3691 1517 3752 idem

415 3806 531 3859 coetus
546 3791 646 3856 finem
673 3791 751 3855 lecit
777 3793 972 3869 sessionum,
987 3793 1139 3875 aperiens
1166 3795 1252 3876 grati
1278 3793 1383 3858 animi
1407 3811 1517 3858 sensus
1588 3775 1589 3860 l

415 3897 641 3983 profitensque
665 3895 797 3977 probari
829 3895 891 3957 sibi
923 3915 996 3959 eam
1029 3897 1151 3978 agendi
1179 3897 1354 3975 rationem,
1377 3917 1444 3980 qua
1467 3893 1517 3957 ille

414 4001 564 4084 partibus
581 3999 757 4080 singularis
775 3999 921 4062 muneris
937 4019 957 4061 a
975 3999 1082 4062 Nobis
1097 3999 1214 4062 crediti
1230 4009 1302 4064 erat
1318 4000 1513 4082 perfunctus.

414 4102 603 4186 Explorate
618 4099 700 4162 haec
716 4100 830 4164 omnia
845 4099 1023 4162 habuimus
1045 4121 1089 4162 ex
1105 4100 1255 4165 eiusdem
1278 4101 1363 4166 actis
1379 4117 1515 4164 conven-

413 4221 478 4284 tus,
493 4225 578 4289 quae
595 4203 776 4268 deserenda
793 4203 900 4266 Nobis
917 4205 1100 4270 curavistis.
1585 4169 1588 4264 l

251 4339 311 4390 Illis
326 4345 386 4404 pm.
458 4313 584 4378 Verum
601 4309 769 4374 enimvero
785 4329 845 4373 eae
861 4309 953 4391 ipsae
969 4309 1126 4391 Delegati
1144 4309 1259 4374 Nostri
1276 4309 1512 4393 propositiones
