3222 4888
421 253 493 323 234
563 253 663 304 urrr.
690 255 818 308 apost.
850 245 871 273 ‘⁸
891 258 1006 310 ruuuu
1035 259 1104 310 esu
1132 259 1339 310 morsuum.
1362 236 1379 262 ''

420 409 497 472 bem
516 409 678 475 Canonici
709 425 787 476 sunt
814 415 856 478 ad
882 415 1055 492 honorem,
1080 415 1263 498 privilegiis
1289 425 1322 478 et
1341 417 1519 498 insignibus

420 519 552 576 tantum
571 523 709 579 utantur
725 518 757 579 in
776 517 931 580 Dioecesi
949 519 1005 581 ubi
1024 519 1188 581 nominati
1205 527 1293 593 sunt,
1306 517 1401 580 nullo
1428 519 1521 581 modo

421 624 519 678 extra
535 617 623 680 illius
642 620 854 686 territorium.
873 621 933 686 IV.
948 621 1043 684 Haec
1056 623 1170 686 omnia
1195 631 1369 684 serventur
1385 641 1522 703 ,quoquc

276 725 397 774 Deseruit
422 717 638 784 aCanonicis
654 725 696 786 ad
715 725 876 787 honorem
894 728 1058 808 usquead
1077 724 1163 788 hanc
1179 726 1267 788 diem
1286 725 1524 788 nominatis.-

243 799 271 854 4⁰
282 791 397 904 hama
424 821 477 886 lta
494 825 657 903 volumus,
673 827 845 908 edicimus,
857 831 1076 894 decernentes
1092 829 1153 893 has
1171 829 1299 892 litteras
1317 829 1463 892 Nostras
1479 827 1525 890 tir-

242 923 396 1036 ammi,
423 943 494 986 mas
510 937 693 1011 sartasque‚
709 931 757 994 uti
775 941 862 1008 sunt,
874 932 920 995 ita
935 933 967 994 in
981 942 1152 1014 posterum
1167 950 1364 1013 permanere
1380 956 1387 994 :
1404 932 1526 994 irritum

236 1052 297 1116 jam
314 1053 395 1101 nonai·
422 1047 501 1092 vero
517 1039 550 1092 et
567 1031 665 1094 inane
682 1032 830 1098 futurum
847 1034 1064 1099 decernentes
1085 1037 1113 1098 si
1130 1034 1211 1119 quid
1229 1035 1399 1118 superbis
1416 1056 1436 1098 a
1453 1055 1527 1116 quo-

245 1118 395 1232 ’Ἕω
422 1151 523 1214 quam
541 1135 718 1216 contigerit
734 1140 913 1202 attentari:
930 1159 997 1202 non
1013 1137 1227 1202 obstantibus
1244 1138 1381 1200 Nostris
1394 1147 1428 1200 et
1446 1135 1528 1200 Can-

244 1249 311 1296 rium
331 1249 395 1297 liue-
422 1235 574 1302 cellariae
590 1240 814 1322 Apostolicae
830 1243 953 1325 regulis
968 1245 1010 1308 de
1027 1247 1097 1308 iure
1113 1245 1267 1326 quaesito
1287 1263 1356 1306 non
1369 1243 1528 1316 tollendo,

244 1329 396 1428 Zfflf'm'
421 1351 454 1404 et
472 1343 644 1424 quibusvis
661 1347 861 1428 specialibus
874 1348 924 1412 vel
938 1349 1151 1431 generalibus
1171 1347 1382 1428 Apostolicis
1400 1347 1529 1412 Consti-

422 1447 609 1511 tutionibus
625 1471 664 1512 ac
677 1451 868 1534 privilegiis,
885 1455 1001 1534 gratiis
1017 1464 1051 1516 et
1075 1453 1224 1530 indultis,
1240 1453 1342 1516 etiam
1355 1451 1529 1515 confirma·

422 1552 514 1613 tione
526 1553 735 1634 Apostolica,
751 1555 802 1618 vel
821 1557 938 1637 quavis
961 1556 1027 1618 alia
1044 1554 1203 1620 firmitate
1220 1555 1395 1631 roboratis
1411 1565 1447 1617 et
1464 1554 1529 1616 Lit-

422 1655 500 1716 teris
514 1655 723 1735 Apostolicis
740 1658 802 1720 sub
815 1659 1082 1742 quibuscumque
1107 1659 1280 1723 tenoribus
1299 1679 1339 1720 ac
1355 1657 1484 1730 formis,
1500 1667 1529 1720 et
1587 1725 1588 1744 χ

422 1775 498 1818 cum
530 1758 703 1839 quibusvis
725 1761 883 1825 clausulis
915 1772 948 1826 et
979 1763 1122 1826 decretis
1150 1763 1324 1844 quibusvis
1357 1759 1529 1842 Capitulis,
1587 1747 1588 1816 r

423 1855 583 1942 Collegiis
600 1883 638 1926 ac
655 1865 756 1928 etiam
774 1867 998 1948 peculiaribus
1019 1865 1170 1947 personis
1194 1885 1408 1948 quacumque
1427 1863 1527 1927 eccle·

422 1962 556 2026 siastica
581 1967 746 2048 dignitate
778 1969 990 2050 pollentibus,
1007 1989 1220 2052 quocumque
1251 1978 1412 2048 tempore,
1430 1968 1526 2030 etiam

423 2086 482 2146 per
514 2067 585 2132 Nos
617 2074 794 2151 concessis,
822 2095 882 2136 nec
914 2095 980 2137 non
1013 2072 1186 2156 quibusvis
1218 2071 1525 2142 consuetudinibus,

423 2171 525 2233 etiam
543 2173 875 2255 immemorabilibus,
892 2177 1053 2240 latissime
1070 2187 1103 2240 et
1119 2175 1322 2258 plenissime,
1337 2195 1377 2237 ac
1402 2175 1525 2255 specia-

423 2273 498 2338 liter
515 2288 547 2339 et
560 2283 773 2362 expressede
784 2282 1004 2364 Apostolicae
1015 2281 1194 2364 potestatis
1210 2279 1421 2362 plenitudine
1437 2279 1526 2342 dero·

422 2381 545 2462 gando,
561 2404 600 2446 ac
616 2387 815 2467 derogatum
841 2407 913 2450 esse
938 2387 1101 2463 volumus,
1132 2385 1318 2466 ceterisque
1340 2383 1374 2445 in
1399 2393 1525 2445 contra-

423 2486 507 2548 rium
526 2490 782 2568 quomodolibet
796 2490 995 2554 iacientibus
1011 2490 1291 2572 quibuscumque.

469 2590 595 2663 Datum
615 2593 745 2656 Romae
762 2596 851 2676 apud
871 2596 903 2660 S.
919 2595 1053 2659 Petrum
1070 2595 1133 2656 sub
1156 2593 1257 2656 anulo
1284 2591 1462 2655 Piscatoris
1475 2589 1525 2652 dic

424 2705 517 2755 xxtx
536 2693 680 2760 Ianuarii
693 2709 916 2776 MDCCCXCIV,
929 2695 1150 2762 Pontificatus
1164 2695 1280 2762 Nostri
1291 2714 1383 2758 anno
1398 2693 1524 2756 decimo

425 2807 531 2860 sexto.

998 2889 1043 2952 M.
1063 2888 1178 2954 CARD.
1197 2883 1476 2952 RAMPOLLA
