3250 4888
439 282 509 350 Ibo
630 299 814 350 emmona
835 289 853 312 “
872 300 996 348 cenna
1016 301 1309 356 saeeeuuuuao.
1331 281 1349 309 ”

431 461 574 516 testatus
601 462 652 515 est
677 453 807 528 diserte,
823 455 912 534 quod
930 453 1065 534 quidem
1092 466 1184 535 patet
1205 477 1250 518 ex
1276 458 1369 535 actis,
1386 459 1521 523 admirari

431 575 504 618 sese
525 555 692 635 pastorale
717 556 864 618 studium
884 555 1129 637 Episcoporum
1148 559 1326 623 Americae
1342 564 1523 642 septentrio·

431 660 516 722 nalis
532 668 669 741 propter
684 661 817 722 decreta
834 659 933 740 plena
946 661 1232 744 sapientiae,quae
1242 665 1275 728 in
1290 667 1389 728 tertia
1402 665 1524 748 Synodo

431 763 676 838 Baltimorensi,
692 763 953 826 adincrementa
965 784 1101 826 caussae
1117 767 1160 828 de
1175 767 1343 832 catholica
1360 769 1525 834 iuventutis

430 867 650 944 institutione,
667 866 797 930 fuerant
814 867 1038 948 promulgata.
1051 869 1188 933 Adiecit
1206 893 1314 952 porro,
1335 893 1376 935 ea
1399 875 1525 950 decreta,

430 982 527 1052 prout
542 971 732 1054 generalem
749 973 888 1035 tradunt
904 971 1026 1052 agendi
1043 992 1207 1050 normam,
1222 976 1366 1044 fideliter
1385 999 1457 1042 esse
1471 1003 1527 1044 ser·

428 1077 562 1140 vanda:
588 1097 626 1138 ac
643 1077 719 1139 licet
734 1076 868 1156 publica
884 1079 1060 1157 gymnasia
1077 1079 1209 1160 penitus
1226 1081 1451 1162 improbanda
1466 1107 1522 1149 nou

426 1183 504 1257 sint,
521 1192 662 1263 possunt
678 1182 766 1244 enirn
783 1201 879 1245 casus
896 1183 1050 1260 incidere,
1066 1194 1102 1246 ut
1126 1182 1292 1270 ⁴Synodus
1314 1187 1389 1269 ipsa
1407 1209 1527 1272 perspe-

429 1295 536 1362 xerat,
551 1285 671 1368 quibus
688 1305 727 1348 ea
739 1287 837 1348 liceat
853 1285 1028 1362 celebrare,
1039 1288 1132 1375 omni
1149 1299 1262 1352 tamen
1280 1292 1411 1354 ratione
1427 1302 1459 1354 et
1474 1311 1527 1372 ope

427 1391 669 1454 connitendum
695 1409 769 1451 esse
796 1399 832 1452 ut
857 1389 993 1452 scholae
1020 1382 1206 1454 catholicae
1231 1395 1448 1476 quamplures
1471 1395 1527 1458 sint

430 1515 569 1559 numero
585 1495 745 1576 omnique
762 1514 795 1556 re
811 1503 951 1557 ornatae
967 1515 1006 1558 ac
1024 1497 1198 1578 perlectae.

262 1633 403 1696 arenamque
473 1599 629 1664 Ceterum
647 1620 689 1662 ne
704 1621 771 1681 qua
786 1599 893 1662 subsit
909 1601 941 1662 in
959 1611 1131 1680 posterum
1156 1601 1349 1684 ambigendi
1375 1605 1462 1668 ratio
1483 1605 1525 1668 vel

277 1697 404 1811 sgmss
428 1705 623 1786 opinionum
640 1704 804 1767 dissensio
820 1705 853 1766 in
871 1715 966 1768 tanta
983 1707 1028 1767 rei
1049 1708 1223 1786 gravitate,
1246 1711 1527 1790 quemadmodum

260 1843 362 1892 eaquae
372 1829 401 1876 tn
429 1811 494 1872 iam
521 1809 765 1872 declaravimus
792 1810 825 1870 in
854 1809 972 1872 litteris
990 1809 1132 1887 Nostris,
1148 1812 1202 1874 die
1217 1825 1315 1874 XXIII
1338 1813 1424 1877 Maii
1448 1833 1527 1876 anno

302 1894 402 1954 enodis
427 1913 595 1994 superiore
610 1913 698 1975 datis
725 1914 767 1976 ad
795 1912 1012 1976 Venerabiles
1030 1913 1164 1978 Fratres
1181 1914 1482 1998 Archiepiscopum
1498 1927 1526 1978 et

278 1957 400 2007 Baltimo-

289 2025 403 2074 rense'bus
430 2015 617 2096 Episcopos
647 2015 837 2096 provinciae
868 2017 1112 2080 ecclesiasticae
1144 2017 1468 2096 Neo-Eboracensis,
1489 2020 1528 2081 sic

275 2097 401 2220 fimf
427 2118 548 2182 iterum
564 2117 782 2193 declaramus
798 2127 962 2199 quatenus
985 2139 1070 2200 opus
1093 2121 1145 2196 sit,
1162 2131 1356 2185 constanter
1371 2122 1528 2186 servanda

246 2228 401 2334 “quamsit
426 2243 499 2286 esse
514 2225 649 2286 decreta
663 2241 759 2304 quae,
775 2232 1016 2302 praemonente
1032 2223 1231 2304 Apostolica
1255 2223 1354 2302 Sede,
1373 2225 1408 2288 in
1429 2225 1526 2308 Syno-

249 2301 301 2402 ΞΖ
308 2287 401 2402 liiinae
425 2329 477 2392 dis
491 2326 790 2389 Baltimorensibus
805 2347 904 2408 super
920 2327 1041 2389 scholis
1055 2328 1297 2409 paroecialibus
1309 2337 1440 2394 statuta
1452 2341 1528 2405 sunt,

240 2419 401 2548 st'jjguffl,
426 2444 460 2494 et
476 2449 705 2513 quaecumque
720 2429 785 2492 alia
800 2450 820 2491 a
836 2431 982 2492 romanis
1000 2430 1217 2494 Pontificibus
1233 2433 1303 2496 sive
1318 2432 1448 2498 directe
1469 2436 1527 2496 sive

260 2549 399 2612 praescup-
427 2555 486 2616 per
494 2532 906 2614 SacrasCongregationes
919 2534 1123 2614 praescripta
1135 2544 1212 2597 sunt
1229 2533 1261 2597 in
1275 2535 1396 2600 eadem
1409 2555 1529 2600 caussa.

247 2621 283 2663 ‘a'
428 2639 484 2702 Ex
500 2659 567 2721 quo
584 2647 674 2700 certa
690 2637 828 2699 nitimur
853 2657 923 2719 spe,
938 2657 1040 2718 quam
1056 2647 1167 2702 vestra
1183 2659 1262 2721 erga
1285 2640 1358 2703 Nos
1382 2651 1418 2704 et
1442 2641 1527 2722 Apo·

307 2780 399 2843 ΕΜ
426 2747 578 2811 stolicam
607 2745 730 2810 Sedem
762 2745 873 2808 studia
901 2745 1050 2808 maxime
1077 2745 1200 2823 fovent,
1217 2746 1299 2810 nihil
1330 2747 1527 2828 obfuturum,

268 2846 399 2922 Praestas
424 2852 613 2934 quominus,
629 2849 761 2913 sublata
786 2847 903 2930 quavis
930 2847 981 2910 vel
998 2868 1116 2911 caussa
1140 2850 1259 2912 erroris
1283 2851 1335 2913 vel
1351 2851 1527 2924 anxietate,

263 2925 397 3025 diiigiiaiii
424 2939 560 3038 operam
591 2955 701 3016 daturi
733 2954 814 3030 sitis,
844 2952 1128 3015 coniunctissimis
1156 2955 1189 3016 in
1217 2953 1357 3016 caritate
1389 2955 1526 3036 perlecta

259 3042 398 3170 mm,
424 3058 554 3133 animis,
570 3067 607 3121 ut
623 3058 655 3118 in
674 3056 747 3133 ista,
763 3074 849 3136 quae
865 3055 1026 3118 latissime
1039 3065 1143 3136 patet,
1160 3065 1321 3118 terrarum
1339 3057 1432 3119 orbis
1442 3066 1527 3139 parte

275 3173 396 3238 reipubli-
425 3161 533 3244 magis
550 3161 725 3242 magisque
740 3177 879 3240 regnum
894 3157 959 3221 Dei
977 3169 1189 3242 propagetur.
1204 3157 1294 3222 Dum
1311 3168 1427 3224 autern
1445 3159 1525 3222 nari·

343 3255 392 3300 “²⁶¹
423 3277 474 3330 ter
500 3264 692 3328 incumbitis
719 3263 762 3324 ad
790 3263 973 3326 curandam
1003 3263 1068 3326 Dei
1099 3263 1238 3344 gloriam
1271 3271 1305 3326 et
1331 3265 1524 3328 creditarum

423 3370 518 3434 vobis
534 3369 720 3431 animarum
742 3367 895 3443 salutern,
910 3368 1012 3430 iidem
1029 3367 1224 3430 contendite
1241 3368 1358 3430 vestris
1376 3368 1527 3448 prodesse

422 3473 550 3538 civibus
565 3471 804 3553 addictamque
820 3471 949 3552 patriae
972 3470 1181 3534 voluntatem
1206 3471 1412 3551 probarent
1440 3467 1527 3532 facile

423 3574 612 3657 intelligant
629 3573 686 3656 qui
711 3593 779 3635 rem
808 3571 979 3654 publicam
996 3572 1233 3636 administrant
1257 3591 1358 3654 quam
1383 3570 1525 3635 validum

423 3684 581 3759 suppetat
592 3677 625 3739 in
643 3675 809 3739 catholica
827 3675 978 3739 Ecclesia
994 3675 1199 3756 praesidium
1212 3675 1255 3738 ad
1272 3673 1439 3738 tuendum
1456 3673 1525 3736 civi-

423 3781 501 3845 tatis
514 3779 666 3843 ordinem
684 3789 717 3843 et
733 3779 847 3862 populi
865 3781 1121 3862 prosperitatem
1138 3778 1338 3860 augendam.

205 3897 210 3908 '
255 3915 394 3974 arwam.
467 3885 568 3969 Quod
584 3904 663 3950 vero
678 3886 721 3948 ad
750 3895 782 3948 te
807 3885 1005 3948 nominatim
1032 3885 1162 3961 attinet,
1177 3883 1300 3949 dilecte
1322 3881 1368 3946 fili
1397 3883 1524 3951 Noster,

240 3977 395 4104 mngffffz
421 4009 482 4071 pro
506 3999 597 4052 certo
620 3987 783 4050 habemus
805 3995 839 4050 te
855 3988 1005 4051 studiose
1032 3997 1235 4060 curaturum,
1249 3996 1286 4050 ut
1309 4005 1394 4069 quos
1419 3997 1522 4050 tecum

250 4107 394 4156 exiturum
421 4093 669 4160 communicare
699 4091 802 4155 animi
833 4111 949 4156 sensus
977 4093 1179 4170 censuimus,
1207 4093 1228 4154 ii
1256 4093 1374 4156 ceteris
1406 4090 1523 4174 pariter

288 4171 396 4290 Ἢ
422 4199 633 4262 innotescant
648 4193 906 4258 Venerabilibus
923 4193 1095 4258 Fratribus
1118 4195 1175 4276 qui
1199 4193 1233 4257 in
1249 4193 1442 4258 civitatibus
1458 4191 1522 4256 istis

258 4305 391 4371 Arctiept-
421 4312 499 4368 sunt
515 4299 701 4380 loederatis,
717 4300 882 4384 simulque
897 4300 1092 4366 adnisurum
1117 4319 1178 4382 pro
1202 4299 1335 4377 viribus,
1351 4307 1388 4362 ut
1412 4297 1521 4362 sedata
