3250 4888
263 305 313 352 uu
340 303 537 354 cotuuuus
565 303 811 354 cusxrcouuu
841 303 881 352 ru
912 303 1043 353 rubus.
1136 287 1215 372 ,169

110 455 234 518 talibus
263 454 415 536 Collegia
446 456 622 536 quaedam,
649 454 706 518 ubi
733 454 870 516 Iuvenes
898 455 1026 517 incolae
1058 455 1090 516 in
1122 474 1217 535 spem
1277 477 1366 564 [ὦ]

113 557 284 622 Ecclesiae
310 557 541 622 adolescentes
569 558 763 621 erudiantur
788 557 830 620 ad
855 577 990 621 omnem
1015 555 1217 638 elegantiam
1286 575 1358 638 1895.

110 665 284 728 doctrinae
308 665 351 729 ad
379 685 504 746 easque
529 664 681 741 virtutes,
706 666 779 727 sine
803 665 925 746 quibus
950 685 1010 727 nec
1027 673 1143 728 sancte
1159 684 1219 727 nec
1246 697 1301 740 tum
1313 691 1395 740 reira-

47 804 49 808 -
111 763 237 826 utiliter
258 767 407 827 exerceri
425 785 518 828 sacra
546 784 684 828 munera
712 775 848 846 queunt.
878 764 1014 827 Amotis
1041 763 1219 827 dissensio·
1246 755 1381 885 ‘mim

112 889 191 933 num
208 871 335 934 caussis
351 893 411 952 per
434 882 533 954 pacta
558 881 735 946 conventa,
762 872 986 954 ordinataque
1008 872 1220 934 administra·
1244 831 1340 964 issae:
1356 888 1384 936 S.

110 976 202 1038 tione
219 973 428 1039 DIoeceseon
447 997 506 1058 per
524 976 756 1040 Hierarchiam
772 973 1080 1051 ecclesiasticamsi
1092 975 1221 1037 licuerit
1249 953 1399 1067 {xj-{3525}

112 1077 229 1154 NObIS‚
244 1080 335 1160 quod
364 1081 574 1160 propositum
603 1089 663 1156 est,
689 1075 893 1144 institutioni
920 1078 1124 1143 Clericorum
1142 1087 1220 1160 apte
1248 1083 1359 1132 u'cuudt-
1387 1149 1391 1158 .
1462 1087 1463 1092 ’

110 1181 293 1258 consulere,
304 1184 398 1265 quasi
417 1183 587 1266 fastigium
605 1186 698 1266 operi
709 1185 899 1248 videbimur
911 1183 1117 1266 imposuisse.
1132 1183 1218 1246 Nam
1247 1163 1399 1278 {mm

110 1288 257 1352 conditis
284 1288 399 1364 semel,
424 1291 471 1352 uti
499 1291 659 1366 diximus,
686 1290 890 1354 ClerIcorum
919 1289 1116 1363 seminariis,
1131 1297 1220 1350 certa
1247 1280 1399 1328 essecomm-

111 1410 186 1468 spes
203 1402 300 1468 esset,
315 1394 507 1456 sacerdotes
524 1396 662 1457 idoneos
680 1414 803 1475 magna
827 1393 925 1474 copia
949 1393 1027 1456 iude
1043 1394 1221 1470 extitufos,
1248 1345 1293 1393 dn.
1348 1413 1350 1420 Ι

110 1501 170 1584 qui
186 1501 322 1584 pietatis
338 1503 578 1587 doctrinaeque
604 1507 715 1568 lumen
743 1506 811 1568 late
837 1505 1024 1580 funderent,
1040 1503 1163 1586 quique
1187 1502 1220 1566 in

110 1606 364 1671 disschnanda
376 1606 554 1691 Evangelii
572 1611 715 1672 veritate
728 1610 925 1690 praecipuas
942 1609 1126 1672 industriae
1141 1627 1222 1670 suae

111 1721 225 1793 partes
241 1713 386 1776 scienter
404 1715 674 1777 insumerent—
688 1713 727 1776 In
740 1733 825 1795 opus
838 1723 907 1777 tam
926 1712 1047 1789 nobile,
1064 1712 1220 1794 idemque
1248 1695 1398 1810 rantumNm

113 1813 265 1878 infinitae
283 1816 474 1880 mortalium
494 1817 699 1880 multitudini
712 1817 811 1880 saluti
830 1815 987 1891 futurum,
1003 1815 1144 1896 dignum
1162 1825 1221 1892 est,
1247 1827 1371 1890 apuria-

111 1917 261 2001 aIIquam
277 1921 472 2002 Europaeos
483 1919 633 1984 conferre
646 1941 784 2002 operam
794 1943 801 1998 ;
813 1921 1009 2002 praesertim
1021 1921 1112 2003 quod
1126 1940 1222 2002 pares
1248 1891 1384 2020 ’ἔῖᾙῖξῖ

111 2045 187 2089 esse
204 2027 429 2109 magnitudini
446 2037 642 2110 sumptuum
657 2027 718 2092 soli
735 2047 801 2120 nou
816 2047 1003 2108 possumus.
1015 2026 1222 2092 Christiano·
1248 2029 1397 2098 ’Ψωφι-

112 2149 188 2194 rum
205 2141 256 2194 est
273 2131 426 2196 homines
444 2135 625 2207 universos,
641 2132 844 2214 ubicumque
866 2132 1002 2213 degant,
1030 2132 1063 2194 in
1082 2130 1220 2195 fratrum
1249 2103 1367 2215 amr

110 2236 237 2298 habere
252 2237 335 2313 loco,
351 2249 384 2302 et
406 2237 553 2302 alienum
581 2257 601 2300 a
628 2239 767 2301 caritate
795 2257 856 2300 sua
882 2249 1001 2319 putare
1026 2237 1222 2300 nemiuem:
1249 2218 1374 2332 filim

110 2339 214 2420 idque
230 2341 263 2404 in
281 2341 320 2403 iis
337 2341 436 2406 rebus
453 2343 611 2418 maxime,
627 2343 659 2404 in
685 2341 807 2424 quibus
832 2342 1066 2424 proximorum
1084 2341 1222 2404 vertitur
1245 2350 1381 2412 grumm-

111 2447 318 2526 sempiterna
334 2444 432 2508 salus.
451 2443 681 2528 Quamobrem
699 2445 845 2528 petimus
862 2465 881 2508 a
897 2445 992 2508 vobis
1009 2463 1223 2527 magnopere,
1241 2413 1385 2478 serendam.

110 2549 332 2614 Venerabiles
350 2549 492 2627 Fratres,
502 2560 540 2614 ut
556 2550 733 2614 consilium
751 2560 785 2613 et
801 2559 924 2613 conata
942 2549 1068 2614 Nostra
1084 2570 1119 2612 re
1129 2549 1223 2611 adiu-

110 2671 201 2730 vare,
216 2663 380 2741 quantum
399 2653 430 2715 in
449 2653 545 2718 vobis
561 2664 621 2730 est,
637 2654 756 2718 velitis.
775 2654 865 2717 Date
881 2673 1018 2736 operam
1036 2663 1073 2718 ut
1086 2654 1119 2716 in
1131 2673 1221 2716 com-

111 2767 211 2840 perto
228 2758 271 2820 sit
287 2758 334 2820 rei
350 2757 537 2822 catholicae
553 2757 585 2820 in
603 2770 674 2822 tarn
691 2759 830 2822 remotis
846 2758 1039 2840 regionibus
1051 2757 1223 2821 conditio:

111 2860 235 2926 efficite
251 2873 287 2926 ut
303 2862 405 2945 vulgo
422 2865 621 2946 intelligant,
637 2865 750 2927 conari
768 2863 894 2945 aliquid
912 2883 973 2944 pro
991 2862 1097 2926 Indiis
1124 2881 1222 2943 opor·

111 2980 205 3032 tere:
222 2967 322 3050 idque
339 2969 488 3032 maxime
504 2970 651 3032 sentiant
667 2968 699 3045 ii,
715 2969 772 3050 qui
796 2987 894 3049 posse
918 2963 1139 3030 beneficentia
1165 2966 1223 3044 uti,

111 3071 280 3155 optimum
298 3081 419 3153 putant
435 3073 597 3153 pecuniae
612 3071 765 3135 iructum.
1034 3151 1037 3161 Ι

160 3174 356 3240 Muuificam
375 3175 575 3259 populorum
602 3185 787 3239 vestrorum
814 3175 1022 3237 voluntatem
1047 3173 1139 3236 haud
1158 3172 1223 3236 Iru-

113 3288 184 3344 stra
210 3280 281 3344 Nos
307 3281 547 3363 imploravisse,
572 3289 663 3342 certo
689 3279 822 3341 scimus.
848 3275 885 3342 Si
914 3277 1019 3340 maior
1040 3275 1223 3340 liberalitas

113 3383 223 3461 suerit,
249 3405 351 3468 quam
377 3393 532 3468 sumptus
558 3385 590 3447 iu
617 3381 771 3466 Collegia
799 3401 899 3464 supra
926 3382 1018 3445 dicta
1034 3383 1223 3457 necessarii,

112 3489 277 3572 quidquid
295 3491 357 3554 erit
373 3510 417 3552 ex
434 3509 511 3552 aere
528 3489 651 3552 collato
668 3486 786 3570 reliqui
815 3487 847 3549 in
876 3489 942 3551 alia
959 3486 1088 3550 utiliter
1103 3487 1224 3570 pieque

113 3601 236 3674 coepta
252 3592 444 3656 curabimus
461 3595 680 3676 erogandum.

160 3695 364 3761 Caelestium
397 3717 572 3760 munerum
604 3697 774 3780 auspicem
807 3715 846 3758 ac
878 3704 1038 3778 paternae
1078 3696 1225 3760 Nostrae

113 3801 369 3868 benevolentiae
385 3811 505 3866 testem
535 3801 639 3878 vobis,
664 3798 885 3864 Venerabiles
909 3799 1053 3877 Fratres,
1069 3809 1103 3862 et
1127 3797 1225 3864 Clero

113 3904 309 3989 populoque
325 3915 436 3970 vestro
453 3905 687 3988 Apostolicam
714 3903 982 3970 benedictionem
1012 3915 1226 3988 peramanter

114 4009 336 4090 impertimus.

161 4111 288 4176 Datum
301 4113 432 4177 Romae
443 4116 532 4196 apud
541 4113 715 4178 S.Petrum
729 4113 782 4175 die
793 4126 885 4176 xxtv
897 4113 984 4176 Iunii
995 4125 1225 4190 MDcccxcffl,

115 4216 336 4284 Pontificatus
350 4218 466 4282 Nostri
480 4238 570 4283 anno
582 4217 715 4281 decimo
726 4227 833 4279 sexto.

826 4328 922 4394 LEO
947 4329 1008 4393 PP.
1034 4327 1136 4392 XIII.
