3216 4880
472 287 592 336 runax
620 285 871 337 axani‘rrcus.
1161 282 1233 354 347

124 461 159 470 -
169 431 333 486 Laudamur
343 431 505 501 Religiosae
512 432 638 488 familiae
646 432 791 487 mandatis
800 431 917 487 S.Sedis
925 432 1117 502 obsequentes
1127 431 1187 498 289.
1199 457 1236 468 -

127 529 194 581 Non
208 529 301 582 minor
313 529 349 582 de
363 527 511 583 Fidelibus
523 529 655 600 quamde
668 529 745 582 clero
755 529 791 582 sit
802 527 954 597 Episcopis
973 544 1049 582 cura.
1068 527 1237 580 Doceantur

126 624 204 693 pueri
217 625 360 695 rudesque
372 625 504 680 homines
525 623 670 692 religionis
683 625 845 689 elementa;
866 623 983 678 scholae
999 639 1152 693 puerorum
1166 638 1234 675 con-

125 721 229 798 dantur
241 741 248 786 ;
262 722 415 776 societates
427 720 599 776 christianae
612 738 629 775 a
641 719 721 776 laicis
735 718 953 787 constituantur,
968 719 1002 774 iis
1015 717 1235 774 consociationi-

123 821 178 874 bus
190 819 380 888 opponendae
393 835 467 888 quae
487 818 635 874 Ecclesiae
655 834 768 872 necnon
790 816 897 872 civitati
919 816 1108 870 adversantur
1121 815 1181 881 289.
1200 843 1236 851 —

124 916 331 987 Ephemerides
342 933 490 986 perversas
500 915 640 971 Catholici
650 915 763 984 scriptis
772 913 830 969 suis
839 913 1015 984 impugnent,
1022 911 1234 982 Episcoporum

122 1015 210 1069 ductu
224 1015 284 1081 289.
295 1044 330 1052 -
345 1013 384 1068 lis
397 1025 507 1070 tantum
522 1014 735 1069 catholicorum
748 1013 884 1082 suffragia
892 1013 1016 1078 faveant,
1029 1010 1077 1081 qui
1090 1005 1236 1076 religionis

125 1113 207 1166 simul
221 1131 255 1167 ac
268 1113 440 1183 reipublicae
453 1113 579 1168 studium
602 1130 670 1183 prae
693 1130 723 1166 se
743 1111 835 1168 ferant
857 1112 983 1179 289·2oo.
998 1139 1032 1150 -
1054 1105 1236 1163 Concordiae

123 1209 264 1264 fovendae
277 1211 376 1278 gratia,
391 1211 505 1280 saepius
526 1209 662 1274 iterentur
679 1209 857 1279 episcopales
874 1217 1033 1264 conventus
1052 1221 1111 1276 290.
1132 1235 1166 1244 -
1180 1205 1233 1258 Be·

123 1313 387 1368 nevolentissimum
410 1313 563 1383 Episcopis
583 1313 710 1366 animum
731 1323 851 1368 testatur
873 1312 1012 1379 Pontifex,
1031 1311 1130 1380 eisque
1149 1309 1236 1362 bene·

123 1409 192 1464 dicit
206 1423 265 1475 290.

160 1541 435 1592 54.EP18TOLA
461 1539 707 1594 ENCYCLICA
734 1541 774 1590 de
793 1542 931 1591 Rosarlo
945 1539 1090 1590 Mariall.
1112 1563 1146 1570 -

122 1647 400 1708 8Sept.1894....
1080 1657 1145 1710 pag.
1176 1632 1255 1732 *291*

160 1799 274 1854 Gaudet
289 1800 418 1855 Pontifex
433 1801 588 1857 Octobrem
602 1819 730 1858 mensem
745 1800 857 1856 Rosarii
870 1802 972 1855 florere
985 1801 1070 1864 cultu,
1083 1797 1163 1866 cnjus
1172 1796 1235 1866 qui-

121 1885 190 1940 dem
203 1888 335 1941 virtutem
358 1905 503 1958 nunquam
526 1906 584 1944 non
607 1889 696 1944 sensit
718 1889 891 1944 christianus
913 1889 1035 1958 populns
1052 1900 1111 1954 291.
1134 1913 1168 1922 -
1187 1881 1235 1936 Ad

123 1975 217 2042 ipsum
230 1975 257 2030 in
272 1977 334 2030 dies
347 1978 510 2046 augendum
524 1978 654 2033 Pontifex
666 1979 711 2033 his
724 1978 828 2033 litteris
842 1977 958 2048 exponit
969 1993 1019 2046 per
1031 1977 1105 2029 hanc
1119 1988 1236 2043 precem

121 2063 192 2132 erigi
205 2076 333 2119 nostram
348 2067 518 2136 impetrandi
533 2061 674 2134 fiduciam,
690 2079 719 2123 et
733 2069 765 2122 B.
782 2069 822 2122 M.
836 2066 963 2136 Virginis
982 2067 1009 2120 in
1030 2081 1121 2134 genus
1134 2063 1235 2116 huma·

125 2169 194 2206 num
207 2155 379 2209 commoveri
402 2155 616 2210 miserationem
638 2172 766 2224 291-292.
780 2187 813 2196 -
833 2157 903 2210 Pars
921 2156 1004 2225 prior.
1020 2152 1144 2206 Mariam
1169 2149 1236 2203 ideo

124 2239 299 2308 invocamus,
313 2241 389 2309 quod
398 2243 530 2296 novimus
539 2259 603 2296 earn
615 2243 716 2312 gratiae
727 2243 833 2297 divina
849 2259 914 2298 esse
922 2239 1154 2296 conciliatricem,
1170 2237 1236 2290 Hoc

124 2343 191 2380 vero
201 2327 318 2382 omnino
331 2340 410 2399 patet
431 2347 597 2399 expressum
614 2333 643 2385 in
663 2333 794 2397 Rosario,
806 2347 893 2400 quum
914 2329 1033 2383 eximias
1053 2338 1148 2396 partes
1161 2341 1235 2394 quas

122 2413 182 2484 egit
197 2417 284 2485 Virgo
296 2417 462 2472 adsalutem
473 2419 965 2488 hominumprocurandam,singula
975 2425 1118 2486 exponant
1129 2423 1235 2482 myste-

124 2499 166 2555 ria
185 2503 301 2572 Gaudr'i,
315 2507 438 2572 Doloris,
451 2517 538 2576 atque
553 2507 669 2561 Gloriae
683 2522 808 2574 292·²93·
821 2537 857 2546 -
871 2507 974 2560 Preces
986 2521 1055 2558 vero
1068 2503 1182 2556 vocales
1201 2516 1238 2554 eo

122 2588 313 2659 disponuntur
326 2593 424 2647 ordine
446 2603 473 2646 et
494 2611 621 2660 numero,
641 2594 803 2664 talibusque
815 2605 881 2649 sunt
897 2595 927 2648 B.
944 2593 983 2645 M.
999 2590 1123 2660 Virginis
1145 2587 1235 2642 titulis

124 2676 261 2745 insignes,
274 2689 303 2732 ut
321 2679 413 2748 ipsam
433 2680 547 2750 egregie
568 2682 732 2750 praedicent
754 2681 975 2736 conciliatricem
996 2679 1110 2734 divinae
1128 2673 1238 2744 gratiae

126 2779 289 2832 293·294.—
301 2767 411 2821 Rosarii
422 2787 489 2838 ergo
502 2770 645 2838 mysteriis
654 2771 842 2840 precibusque
852 2771 979 2825 intentus
992 2769 1113 2834 animus,
1125 2780 1239 2820 summa

125 2851 192 2904 inde
204 2851 308 2905 fiducia
329 2871 359 2907 se
379 2855 532 2909 committit
547 2857 577 2908 B.
594 2857 633 2909 M.
654 2857 779 2926 Virginis
801 2860 905 2912 tutelae
925 2872 985 2924 294.
1000 2887 1034 2896 —
1049 2857 1119 2909 Pars
1138 2853 1237 2906 altera.

127 2939 314 2994 Gratissimae
327 2952 392 2995 sunt
413 2943 523 2996 Mariae
542 2945 654 2998 Rosarii
677 2962 785 3014 preces,
802 2946 908 3016 quippe
926 2945 1029 3016 quibus
1053 2944 1080 2996 in
1101 2955 1237 2996 coronam

125 3028 267 3082 nectimus
289 3027 379 3097 ipsius
400 3031 500 3084 laudes
522 3031 697 3102 eximiasque
714 3034 867 3104 petitiones
889 3051 924 3088 ea
937 3043 1088 3088 contentas
1108 3029 1238 3083 oratione

123 3133 212 3185 quam
225 3117 286 3184 ipse
298 3117 381 3185 Jesus
392 3135 445 3172 nos
458 3119 554 3174 docuit
566 3133 625 3190 295.
634 3150 669 3158 -
684 3121 886 3190 Mysteriorum
899 3121 1142 3188 contemplatione
1155 3134 1239 3172 mens

126 3214 223 3258 nostra
236 3220 255 3255 a
270 3204 391 3258 terrenis
404 3205 440 3258 ad
456 3207 593 3262 coelestia
610 3209 745 3277 elevatur,
759 3221 845 3278 atque
858 3210 895 3262 ad
905 3209 1053 3262 meliorem
1067 3207 1237 3260 informatur

125 3291 231 3356 vitam;
246 3307 303 3360 quo
316 3292 431 3360 quidem
447 3291 476 3346 fit
489 3295 583 3348 almae
597 3295 707 3365 Virgini
721 3297 865 3366 acceptior
879 3309 937 3363 295.
951 3323 986 3332 -
1000 3294 1052 3347 llla
1062 3305 1158 3346 autern
1177 3309 1238 3359 my-

125 3377 212 3432 steria
226 3379 364 3432 meditatu
377 3378 472 3432 facilia
486 3392 551 3434 sunt
565 3383 608 3436 vel
619 3382 689 3451 ipsis
703 3383 825 3438 indoctis
839 3382 941 3452 ²9⁶··”
952 3383 1079 3448 Accepta
1090 3397 1107 3432 a
1121 3377 1238 3446 Virgine

126 3465 265 3527 beneficia
287 3467 458 3521 revolvimus
490 3481 572 3537 grato
596 3471 701 3540 animo,
716 3471 867 3526 Rosarium
891 3473 1017 3524 colentes
1035 3489 1041 3534 ;
1074 3467 1137 3537 ipsa
1158 3483 1236 3530 vero,

127 3569 232 3622 magno
243 3553 309 3607 inde
321 3554 436 3622 perlusa
448 3556 562 3624 gaudio,
576 3559 709 3613 ardentes
722 3561 775 3612 has
789 3575 888 3627 preces
907 3557 1028 3611 libenter
1047 3551 1161 3608 exaudit
1173 3553 1240 3620 296-

125 3655 186 3710 297.
196 3669 230 3680 -
241 3643 392 3696 Concludit
403 3645 533 3699 Pontifex
544 3647 698 3702 Rosarium
708 3648 735 3702 in
747 3647 905 3703 remedium
915 3663 979 3701 esse
992 3643 1188 3699 adhibendum
1199 3642 1238 3696 ad

127 3725 321 3793 propulsanda
334 3728 482 3782 Ecclesiae
495 3729 579 3796 mala,
593 3731 730 3786 audacius
743 3731 772 3786 in
783 3731 845 3786 dies
856 3729 1058 3801 grassantibus
1068 3725 1161 3794 impiis
1177 3740 1238 3792 297.

126 3814 373 3869 —Contumeliae
389 3817 552 3872 ,referuntur
571 3817 625 3887 ipsi
649 3821 713 3874 Deo
734 3821 803 3890 Jesu
821 3835 913 3890 nuper
933 3818 1029 3872 illatae
1052 3816 1080 3868 in
1097 3815 1189 3878 ltalia,
1200 3815 1238 3869 ad

125 3917 197 3969 quas
211 3901 327 3970 quidem
341 3903 501 3971 indignatio
515 3905 646 3960 universe
657 3919 802 3962 commota
820 3920 863 3962 est
878 3906 1004 3975 297-298.
1020 3933 1053 3942 —
1068 3902 1239 3957 Sollicitudo

127 3987 258 4041 landatur
276 3987 485 4060 Episcoporum
500 3993 657 4062 sacrilegos
676 4012 762 4048 ausus
774 3992 988 4065 reprobantium
1002 3990 1062 4058 298.
1077 4019 1111 4028 -
1127 3990 1190 4042 Hos
1210 3997 1240 4041 et

127 4075 190 4144 ipse
208 4089 381 4146 conquestus
396 4079 533 4146 Pontifex,
554 4081 730 4136 Christianae
751 4084 880 4136 hortatur
899 4090 1001 4149 gentes
1020 4078 1057 4132 ad
1071 4077 1238 4145 religionem

127 4161 263 4217 inviolate
276 4163 493 4219 custodiendam
508 4167 568 4234 298.
578 4194 613 4206 -·
627 4169 715 4239 Optat
730 4169 851 4223 Mariam
871 4185 972 4222 omnes
984 4165 1086 4220 eximie
1104 4179 1241 4218 veneren—
1261 4149 1263 4154 ’

127 4259 174 4304 tur
182 4267 280 4306 meuse
296 4252 422 4320 Octobri,
436 4264 464 4308 et
476 4254 571 4309 Deum
584 4269 753 4326 apprecatus
767 4257 910 4312 benedicit
929 4255 989 4322 298.
