3250 4888
385 283 453 350 104
514 280 695 332 enrs‘rotn
726 267 746 296 ‘¹
764 279 918 344 Quanto
936 279 1116 332 assume
1135 280 1316 332 saecuto,
1338 257 1356 282 ''

252 445 352 523 cvrum·¹
377 434 534 513 perrexit,
550 433 698 515 itemque
708 433 825 516 pergit,
842 435 884 497 ad
896 433 1049 498 ultimam
1063 433 1283 516 Patagoniam
1300 431 1486 496 novissimo

199 510 349 638 palm}
376 545 527 614 tempore
542 551 725 614 progressa.
738 571 782 582 -
797 532 982 599 Columbus
997 543 1110 597 tamen
1134 541 1244 596 certus
1269 547 1482 614 praecurrere

210 641 267 698 ivit.
292 641 348 718 vigs
375 652 414 696 ac
439 634 568 696 munire
594 633 665 696 vias
692 633 888 714 Evangelio,
905 633 1106 716 penitusque
1132 632 1195 696 hac
1220 632 1253 695 in
1275 630 1484 714 cogitatione

199 705 345 820 Emi-{2
374 733 515 810 defixus,
531 751 665 796 omnem
682 753 819 814 operam
845 752 940 796 suam
968 733 1011 796 ad
1029 733 1063 797 id
1080 732 1203 811 retulit,
1228 731 1321 795 nihil
1339 730 1407 794 sere
1423 748 1484 811 ag·

197 851 250 885 ms.
374 851 506 915 gressus
519 833 581 896 nisi
598 832 757 915 religione
772 833 866 909 duce,
883 833 1009 914 pietate
1025 833 1158 898 comite.
1176 832 1244 896 Res
1272 847 1484 896 commemo·

151 1011 155 1020 1
343 1004 348 1015 ,
374 953 485 996 ramus
500 933 602 1014 vulgo
625 940 824 1013 compertas,
842 933 901 996 sed
925 931 968 998 ad
998 942 1145 998 mentem
1172 934 1393 1014 animumque
1420 927 1483 993 viri

192 1003 346 1130 mdlx}
373 1032 610 1098 declarandum
636 1032 792 1113 insignes.
809 1028 944 1095 Scilicet
974 1040 1147 1096 coactusa
1174 1033 1391 1108 Lusitanis,a
1414 1027 1480 1094 Ge·

218 1131 302 1196 fuisse
314 1141 345 1180 ‘e-
373 1131 564 1207 nuensibus,
574 1128 698 1194 insecta
709 1151 752 1206 re,
764 1131 864 1208 abire,
875 1151 951 1194 cum
964 1133 995 1194 in
1010 1133 1212 1215 Hispaniam
1226 1153 1262 1196 se
1274 1129 1482 1205 contulisset,

194 1204 347 1311 muzza
372 1235 459 1296 intra
475 1231 618 1314 parietes
635 1230 809 1312 religiosae
823 1219 945 1294 domtls
962 1232 1005 1316 ad
1020 1233 1249 1297 maturitatem
1262 1233 1322 1296 alit
1339 1230 1480 1294 medita-

210 1328 344 1441 riosabflg·
372 1345 426 1396 tae
457 1327 711 1413 conquisitionis
741 1330 868 1411 grande
895 1330 1083 1409 consilium,
1107 1334 1243 1397 conscio
1273 1353 1312 1397 ac
1344 1346 1480 1394 suasore

189 1407 346 1521 2322le
372 1433 527 1515 religioso
543 1431 623 1506 viro,
647 1429 814 1493 Francisci
832 1429 1033 1495 Assisiensis
1059 1431 1263 1498 alumno.1n
1293 1429 1480 1504 Oceanum.

193 1525 288 1638 dim
296 1539 345 1638 ΖΞ·
372 1533 573 1596 circumacto
588 1528 774 1611 septennio,
789 1529 933 1611 denique
949 1548 1155 1612 egressurus,
1171 1551 1258 1614 quae
1276 1533 1319 1597 ad
1337 1531 1479 1612 expian-

217 1655 302 1732 erejus
314 1626 344 1702 ul
371 1637 451 1698 dum
468 1634 618 1696 animum
635 1632 812 1715 pertinent,
827 1642 922 1696 curat
938 1633 971 1696 in
989 1635 1162 1715 procinctu
1178 1659 1185 1699 :
1201 1634 1285 1699 caeli
1306 1633 1474 1716 Reginam

192 1721 344 1849 ‘⁰2:23ss
372 1743 525 1816 precatur
538 1739 576 1795 ut
587 1733 715 1814 coeptis
732 1731 821 1796 adsit
836 1751 1036 1814 cursumque
1052 1735 1176 1816 dirigat
1194 1757 1201 1798 :
1218 1753 1279 1798 nec
1297 1735 1388 1817 prius
1403 1730 1478 1796 vela

190 1851 278 1915 puras.
369 1834 463 1914 solvi,
478 1853 581 1917 quam
597 1831 776 1922 implorato
792 1834 928 1895 numine
944 1831 1121 1898 Trinitatis
1136 1843 1310 1916 augustae,
1324 1835 1479 1916 imperat.

372 1935 457 1998 Mox
473 1935 507 1997 in
524 1933 630 1997 altum
642 1943 828 2016 provectus,
840 1935 1009 1997 saeviente
1021 1937 1116 2012 mari,
1129 1935 1334 2000 vociferante
1344 1932 1480 2014 remige,

370 2029 585 2114 tranquillam
614 2027 734 2093 mentis
750 2029 975 2093 constantiam
993 2039 1114 2108 tuetur,
1130 2029 1234 2096 fretus
1252 2029 1477 2110 Deo.'Pr0po·

369 2133 471 2196 situm
487 2129 632 2195 hominis
651 2130 724 2210 ipsa
741 2128 921 2210 loquuntur
936 2129 1095 2213 imposita
1123 2131 1240 2195 insulis
1271 2131 1367 2194 novis
1394 2145 1482 2191 nova

372 2233 526 2295 nomina:
542 2249 625 2313 quas
641 2227 777 2311 quidem
806 2229 861 2292 ubi
879 2230 1027 2311 singulas
1043 2231 1166 2314 attigit,
1183 2231 1294 2296 Deum
1326 2228 1480 2309 omnipo·

371 2339 498 2393 tentem
516 2327 660 2412 supplex
675 2327 924 2410 adoratusque
941 2329 1186 2411 possessionem
1204 2350 1319 2395 earum
1331 2330 1402 2405 init,
1416 2325 1480 2390 nisi

372 2437 406 2499 in
422 2433 550 2498 nomine
573 2434 647 2496 Iesu
671 2431 803 2498 Christi.
828 2431 1106 2518 Quibuscumque
1136 2435 1297 2519 appulsus
1314 2436 1390 2511 oris,
1408 2451 1478 2496 non

371 2541 473 2605 habet
500 2541 679 2623 quicquam
707 2538 1003 2622 antiquius,quam
1034 2550 1070 2605 ut
1099 2540 1215 2606 Crucis
1246 2547 1480 2605 sacrosanctae

371 2640 585 2704 simulacrum
622 2636 747 2720 defigat
775 2639 808 2701 in
840 2637 962 2704 litore:
989 2639 1212 2724 divinumque
1241 2637 1481 2722 Redemptoris

374 2761 506 2818 nomen,
520 2740 610 2824 quod
627 2743 727 2805 toties
743 2749 860 2823 aperto
876 2743 948 2806 salo
971 2743 1136 2808 cecinerat
1152 2745 1195 2807 ad
1214 2743 1362 2807 sonitum
1392 2759 1479 2804 mur·

375 2844 578 2906 mutantium
596 2841 767 2919 fluctuum,
784 2843 816 2905 in
832 2858 937 2907 novas
953 2845 1077 2908 insulas
1101 2845 1231 2925 primus
1248 2843 1364 2908 insert:
1391 2861 1482 2906 eam-

375 2959 440 3022 que
455 2941 499 3006 ob
514 2959 667 3005 caussam
678 2943 720 3004 ad
740 2941 976 3024 Hispaniolam
990 2942 1191 3008 aedificandi
1209 2943 1343 3009 initium
1354 2963 1374 3008 a
1385 2941 1483 3006 moli·

376 3044 467 3108 tione
482 3042 600 3125 templi
623 3041 711 3121 iacit,
727 3045 972 3129 popularesque
994 3047 1207 3112 celebritates
1224 3067 1243 3109 a
1262 3043 1484 3112 sanctissimis

377 3145 586 3210 caerimoniis
606 3146 790 3211 exorditur.

272 3294 350 3342 Illum
421 3249 474 3313 En
492 3247 593 3331 igitur
608 3269 676 3332 quo
691 3252 864 3332 spectavit,
879 3253 960 3336 quid
987 3254 1055 3336 egit
1073 3253 1259 3319 Columbus
1275 3257 1307 3318 in
1338 3253 1482 3337 regioni·

201 3359 350 3408 laudaride·
377 3351 439 3414 bus
460 3359 557 3414 tanto
579 3351 679 3414 maris
696 3360 868 3434 terraeque
884 3363 992 3417 tractu
1010 3355 1219 3437 indagandis,
1237 3356 1414 3420 inaccessis
1437 3353 1481 3418 ad

227 3425 351 3538 “,lssj'r'a
378 3473 452 3518 eam
475 3454 565 3518 diem
582 3463 682 3537 atque
698 3454 840 3532 incultis,
855 3475 996 3538 quarum
1023 3467 1136 3523 tamen
1153 3461 1345 3525 humanitas
1362 3470 1396 3526 ct
1422 3480 1484 3524 no-

200 3605 201 3608 *
238 3554 351 3620 beneficia
380 3573 454 3617 men
472 3563 506 3618 et
521 3573 601 3635 opes
617 3553 714 3616 celeri
730 3574 826 3618 cursu
844 3557 1019 3622 intentam
1036 3558 1305 3641 amplitudinem,
1318 3571 1480 3644 quantam

200 3635 351 3734 quam:
380 3654 540 3728 videmus,
556 3663 672 3732 postea
688 3673 827 3719 crevere.
844 3653 921 3737 Qua
938 3667 1010 3720 tota
1026 3657 1059 3720 in
1076 3678 1111 3722 re
1127 3661 1327 3741 magnitudo
1344 3659 1432 3738 iacti,
1448 3671 1483 3724 et

201 3751 354 3864 ‘willo
379 3757 429 3819 vis
454 3755 664 3837 varietasque
693 3756 940 3836 beneficiorum,
970 3781 1056 3843 quae
1083 3763 1161 3828 inde
1185 3775 1364 3828 consecuta
1390 3775 1485 3842 sunt,

144 3933 147 3938 ἱ
201 3879 353 3929 mm
380 3867 474 3938 grata
498 3853 634 3938 quidem
664 3858 892 3921 recordatione
922 3871 1024 3943 atque
1048 3863 1141 3926 omni
1157 3865 1293 3928 honoris
1316 3863 1484 3948 significa-

233 3945 351 4072 {mss
379 3959 470 4022 tione
500 3955 658 4020 celebrari
690 3957 859 4022 hominem
890 3963 1025 4027 iubent:
1057 3967 1116 4029 sed
1148 3967 1292 4048 primum
1329 3970 1481 4032 omnium

233 4077 277 4124 cui
293 4078 354 4125 mr
379 4080 561 4144 agnoscere
591 4079 630 4124 ac
655 4063 802 4125 venerari
828 4065 986 4148 singulari
1011 4069 1140 4134 ratione
1166 4081 1300 4152 oportet
1327 4083 1485 4136 aeternae

202 4149 355 4256 Μῖξᾝ
380 4164 501 4229 mentis
533 4183 655 4227 numen
683 4175 784 4248 atque
807 4169 993 4246 consilium,
1019 4171 1073 4235 cui
1104 4173 1211 4235 sciens
1239 4175 1349 4254 paruit
1377 4186 1483 4256 atque

203 4273 345 4322 ineruisse.
380 4258 549 4323 inservivit
566 4261 642 4323 novi
663 4259 817 4326 inventor
835 4263 937 4330 orbis.
