3250 4888
399 327 450 376 DE
468 323 764 378 CHRISTOPIIORO
782 328 972 380 COLUMBO.
1175 328 1241 398 105

182 481 259 565 Quo
269 481 372 563 igitur
384 481 484 562 digne
497 489 530 543 et
540 481 777 544 convenienter
789 483 920 548 veritati
932 481 1095 546 solemnia
1108 481 1241 546 Colum·
1300 489 1393 597 lja!

134 587 237 651 biana
261 595 414 667 agantur,
430 584 473 647 ad
500 583 735 648 celebritatum
765 585 912 649 civiIium
941 585 1043 650 decus
1074 584 1244 666 religionis
1310 601 1383 664 1892.

132 689 328 754 adhibenda
341 689 501 752 sanctitas
515 695 574 752 est.
586 687 835 771 Proptereaque
845 691 932 754 sicut
944 689 1024 754 oiim
1041 689 1084 752 ad
1099 689 1242 770 primum
1303 717 1337 765 1„
1345 731 1405 780 gra-

131 793 213 858 facti
244 793 399 856 rruntium
422 801 534 874 grates
551 791 627 855 Deo
653 791 845 869 immortali,
861 793 1167 876 providentissimo,
1184 810 1243 873 pu·
1270 783 1418 858 ruruch·

130 897 219 962 biice
235 905 332 960 actae
352 905 439 972 sunt,
454 906 636 977 praeeunte
654 894 816 960 Pontifice
839 897 1010 961 maximo:
1028 897 1074 962 ita
1098 915 1186 960 nunc
1210 896 1242 959 in
1268 854 1421 962 mm

129 1002 328 1065 renovanda
343 997 602 1084 auspicatissimi
615 1009 755 1064 eventus
768 1003 930 1066 memoria
944 1001 1033 1066 idem
1044 1001 1244 1064 arbitramur
1268 977 1410 1092 §mm

128 1101 333 1166 saciendum.
354 1137 390 1150 -
416 1099 591 1164 Edicimus
619 1101 734 1184 itaque
764 1111 801 1164 ut
831 1103 887 1166 die
911 1116 967 1166 ΧΗ
988 1100 1159 1176 Octobris,
1185 1111 1243 1163 aut
1268 1107 1419 1186 murrina·-

128 1206 291 1290 proximo
306 1204 360 1268 die
377 1203 568 1280 Dominico,
584 1205 612 1268 si
630 1204 828 1270 Ordinarius
845 1206 910 1269 Ioci
927 1207 974 1270 ita
990 1205 1151 1288 expedire
1166 1225 1242 1267 cen·
1268 1181 1409 1302 ‘Imm-a,

126 1310 243 1390 suerit,
255 1310 287 1372 in
302 1309 462 1372 Ecciesiis
479 1307 739 1373 Cathedralibus
752 1308 989 1392 etCollegiatis
1006 1329 1050 1374 ex
1066 1308 1242 1391 Hispania,
1268 1305 1393 1432 ulmae!

130 1413 355 1494 Italiamque
371 1432 415 1474 ex
428 1421 569 1493 utraque
585 1411 754 1490 America,
769 1421 846 1494 post
859 1409 1017 1478 Officium
1029 1413 1104 1490 diei,
1120 1411 1239 1476 solem·
1267 1433 1386 1549 Almam

127 1517 164 1581 ni
204 1518 268 1580 ritu
303 1515 408 1578 Missa
440 1514 624 1580 celebretur
661 1517 704 1580 de
732 1515 952 1580 Sanctissimae
997 1515 1170 1582 Trinitate.
1197 1552 1240 1565 -
1266 1500 1387 1616 zgffm·

125 1621 242 1704 Quod,
258 1629 392 1700 praeter
414 1620 569 1683 nationes
595 1637 681 1702 quae
697 1639 799 1701 supra
815 1631 1022 1686 memoratae
1046 1631 1133 1696 sunt,
1148 1619 1239 1702 apud
1327 1601 1334 1624 ’

123 1733 256 1788 ceteras
273 1741 409 1804 quoque
424 1719 626 1786 confidImus
642 1721 712 1785 iore
730 1733 768 1786 ut
784 1723 884 1799 idem.
901 1723 1079 1806 Episcopis
1096 1724 1239 1788 auctori·
1298 1732 1413 1796 idemque

125 1829 201 1904 bus,
211 1835 393 1910 peragatur
408 1850 415 1889 :
431 1827 520 1908 quod
539 1827 628 1891 enim
645 1827 802 1891 omnibus
819 1828 953 1910 profuit,
966 1829 998 1892 id
1016 1829 1174 1893 convenit
1185 1829 1239 1910 pie
1265 1795 1399 1928 wau,

122 1939 293 2014 grateque
310 1930 353 1993 ab
368 1929 525 1993 omnibus
542 1929 711 1994 celebrari.
1266 1945 1308 1979 ras
1318 1928 1395 2006 frum

170 2035 314 2100 Interim
342 2035 532 2098 divinorum
566 2055 740 2100 munerum
758 2039 926 2118 auspicem
944 2048 977 2101 et
993 2047 1152 2119 paternae
1170 2037 1239 2100 No·
1264 2003 1382 2126 {mii

122 2149 217 2202 strae
235 2136 504 2201 benevolentiae
520 2147 651 2215 testem,
675 2139 782 2212 vobis,
797 2139 1016 2204 Venerabiles
1046 2140 1189 2218 Fratres,
1205 2154 1239 2203 et
1265 2129 1333 2178 dum.

122 2241 216 2305 ciero
245 2239 440 2323 populoque
471 2249 582 2304 vestro
609 2240 844 2324 Apostolicam
876 2241 1147 2306 benedictionem
1165 2263 1238 2326 per·

123 2355 285 2410 amanter
300 2345 332 2407 in
352 2343 502 2408 Domino
519 2345 738 2428 impertimus.

169 2448 301 2513 Datum
317 2447 447 2512 Romae
469 2450 558 2531 apud
577 2449 610 2515 S.
635 2449 769 2514 Petrum
782 2451 837 2514 die
854 2463 918 2514 XVI
938 2451 1014 2514 Iulii
1028 2464 1240 2529 MDCCCXCH,

119 2551 350 2618 Pontificatus
368 2551 484 2616 Nostri
501 2571 592 2616 anno
615 2553 747 2617 decimo
763 2555 891 2637 quinto.
1237 2580 1240 2586 ·

798 2717 893 2782 LEO
919 2717 981 2782 ΡΡ.
1006 2717 1107 2782 XIII.
