3222 4888
457 275 508 324 us
535 275 700 325 rosamo
728 273 901 324 Mauram.
1168 249 1236 338 187

128 427 295 510 praemiis.
307 425 427 492 Oratio
442 435 557 506 tamen
586 426 713 489 Nostra
730 445 796 487 non
815 445 856 488 eo
887 425 1044 506 proxime
1071 423 1238 506 spectabit

130 541 167 595 ut
184 531 358 606 addamus,
374 530 427 593 vel
444 529 578 594 laudem
596 531 781 614 precationi
797 550 842 593 ex
859 550 895 593 se
919 527 1238 612 praestantissimae,

129 637 182 701 vel
197 635 351 702 fidelibus
366 635 521 699 stimulos
538 637 580 700 ad
599 657 673 700 eam
699 636 868 700 sanctiore
885 653 945 696 usu
963 633 1143 697 colendam
1159 654 1166 709 ;
1183 651 1238 696 ve·

64 768 67 773 ·
130 761 204 804 rum
222 740 264 802 de
281 737 450 802 nonnullis
467 739 617 832 dicemus
634 739 824 803 lectissimis
840 738 949 814 bonis,
964 756 1051 819 quae
1064 736 1140 798 inde
1156 736 1238 798 hau-

129 841 184 906 riri
198 851 348 926 possunt,
363 853 553 922 temporum
574 853 607 907 et
623 842 799 908 hominum
817 842 938 906 rationi
956 840 1105 904 maxime
1117 859 1238 922 oppor-

130 947 231 1010 tunis.
249 944 304 1010 Sic
332 946 421 1008 enim
439 945 547 1010 Nobis
564 947 857 1028 persuasissimum
883 955 944 1022 est,
956 944 1151 1026 religionem
1170 943 1238 1006 Ro-

130 1049 222 1128 sarii,
237 1048 344 1112 sitam
359 1049 419 1112 rite
433 1048 613 1128 colatur,ut
624 1053 690 1114 vim
703 1052 837 1114 insitam
849 1050 1077 1129 virtutemque
1092 1046 1239 1128 proferat

129 1171 237 1226 suam,
251 1152 422 1230 utilitates,
440 1172 506 1216 non
525 1153 665 1235 singulis
691 1155 806 1231 mod0,
822 1151 880 1216 sed
898 1151 990 1216 omni
1007 1151 1108 1213 etiam
1131 1149 1238 1232 reipu-

130 1256 242 1320 blicae
257 1277 330 1319 esse
347 1257 516 1320 maximas
533 1257 727 1338 parituram.

175 1359 287 1423 Nemo
304 1365 354 1423 est
376 1380 477 1442 quem
494 1360 610 1442 fugiat,
626 1370 791 1443 quantum
809 1361 892 1438 Nos,
903 1379 964 1441 pro
980 1359 1127 1440 supremi
1144 1357 1239 1440 Apo-

129 1463 273 1526 stolatus
290 1483 436 1540 munere,
459 1465 501 1527 ad
525 1463 621 1526 civile
638 1463 765 1527 bonum
782 1463 933 1527 conferre
948 1461 1186 1537 studuerimus,
1201 1479 1240 1522 ac
1316 1486 1418 1536 Bonum

131 1587 233 1652 porro
250 1569 357 1650 parati
384 1569 497 1644 simus,
513 1569 560 1632 sic
577 1569 670 1633 Deus
686 1570 785 1645 adsit,
797 1567 956 1632 conferre.
974 1567 1074 1642 Nam,
1091 1565 1147 1648 qui
1180 1565 1240 1628 im·
1268 1553 1419 1682 ἱζίυζζτέζὲ

130 1674 226 1756 perio
252 1671 433 1754 potiantur,
461 1692 518 1736 eos
549 1693 649 1754 saepe
681 1674 882 1750 monuimus,
899 1691 941 1735 ne
964 1670 1133 1754 perferant
1150 1668 1241 1750 leges
1269 1691 1393 1761 opacum-

130 1796 192 1858 per
217 1793 340 1857 easque
367 1785 480 1858 agant,
496 1777 559 1839 nisi
588 1778 630 1840 ad
657 1796 809 1841 normam
837 1777 1075 1858 aequissimam
1108 1772 1244 1835 divinae
1268 1756 1316 1798 ''⁸“

134 1876 263 1940 Mentis
282 1897 289 1954 ;
305 1878 394 1939 cives
419 1887 543 1956 autern,
560 1879 617 1961 qui
646 1881 774 1956 ceteris,
790 1880 859 1942 sive
885 1878 1031 1962 ingenio,
1047 1879 1115 1940 sive
1139 1876 1244 1959 partis

134 1979 274 2057 meritis,
296 1979 367 2042 sive
390 1981 566 2046 nobilitate
590 1983 798 2059 fortunisque
823 1980 1035 2055 antecellant,
1051 1979 1167 2043 crebro
1186 1979 1243 2042 ad-

133 2087 259 2150 hortati
277 2107 393 2150 sumus
416 2095 462 2166 ut,
479 2089 626 2152 consiliis
641 2089 771 2153 collatis
788 2099 822 2153 et
847 2088 982 2166 viribus,
999 2107 1050 2150 res
1076 2085 1243 2148 maximas

133 2191 396 2272 potissimasque
416 2191 562 2256 civitatis
578 2201 738 2256 tueantur
754 2201 788 2256 et
805 2193 1001 2276 provehant.
1017 2229 1061 2239 -
1077 2187 1146 2255 Sed
1164 2207 1244 2252 vero

133 2293 235 2358 nimis
252 2294 356 2357 multa
373 2303 460 2371 sunt,
477 2295 606 2377 quibus,
623 2306 670 2358 ut
685 2297 787 2360 modo
814 2307 865 2360 est
896 2295 1001 2360 civilis
1029 2292 1244 2369 consociatio,

133 2396 290 2478 publicae
314 2397 513 2479 disciplinae
540 2398 673 2462 vincula
703 2397 924 2477 infirmentur,
947 2409 1049 2482 atque
1081 2395 1197 2481 populi
1223 2415 1243 2458 a

134 2497 222 2586 iusta
239 2517 370 2562 morum
382 2501 560 2564 honestate
577 2503 809 2584 persequenda
821 2501 1121 2567 abducantur.lam
1135 2499 1243 2564 Nobis

133 2603 199 2666 tria
215 2604 392 2686 praecipue
404 2606 562 2668 videntur
584 2607 757 2670 teterrima
772 2608 805 2670 in
823 2608 1012 2670 communis
1035 2607 1115 2669 boni
1134 2605 1243 2687 perni·
1315 2685 1319 2696 Ι
1358 2617 1421 2666 Tria

134 2707 220 2771 ciem
240 2731 247 2770 :
264 2727 303 2770 ea
320 2719 407 2784 sunt,
424 2708 584 2772 modestae
595 2711 683 2772 vitae
705 2721 737 2773 et
750 2720 897 2774 actuosae
903 2710 1089 2791 fastidium
1101 2733 1115 2785 ,·
1130 2708 1245 2771 horror
1266 2683 1398 2815 mim

127 2809 283 2893 patiendi
292 2833 308 2885 ,·
315 2811 522 2890 futurarum,
538 2833 620 2893 quae
634 2823 811 2894 speramus,
826 2813 952 2878 oblivio.
1270 2815 1415 2864 cessissima.

180 2911 360 2996 Querimur
372 2912 453 2990 Nos,
470 2915 601 2998 ipsique
618 2916 765 2980 fatentur
776 2917 865 2981 ultro
878 2937 916 2982 ac
928 2917 1044 2981 dolent
1058 2916 1114 2999 qui
1131 2915 1246 2978 omnia
1327 2938 1353 2978 ιο
1365 2929 1420 3006 nro-

135 3025 295 3082 revocant
311 3017 353 3080 ad
372 3027 510 3082 naturae
540 3020 650 3082 lumen
669 3031 702 3083 et
720 3021 912 3098 utilitatem,
933 3021 1054 3084 vulnus
1078 3021 1246 3083 humanae
1270 2997 1424 3045 ΜΨ

1271 3071 1294 3110 er
1309 3067 1422 3108 actuosae

135 3119 298 3198 societati,
308 3121 409 3203 idque
426 3122 665 3200 vehemens,ex
677 3143 717 3186 eo
733 3123 848 3206 infligi,
859 3126 949 3207 quod
967 3123 1076 3187 officia
1092 3123 1245 3188 virtutes·
1265 3126 1414 3190 fastidium.

134 3243 201 3307 que
220 3223 446 3306 negliguntur,
462 3246 549 3309 quae
565 3247 671 3308 genus
687 3229 778 3291 vitae
801 3237 969 3291 exornant
989 3237 1089 3290 tenue
1105 3237 1138 3290 et
1155 3248 1245 3292 com·
1268 3192 1421 3318 gppffiifss'*

135 3347 247 3394 mune.
264 3329 356 3392 Hinc
372 3333 551 3410 enimvero,
563 3333 595 3395 in
613 3333 800 3396 domestica
827 3333 1072 3396 consuetudine
1094 3333 1245 3396 debitam
1272 3323 1431 3451 Zmffm

136 3437 256 3498 natura
278 3433 504 3499 obedientiam
522 3457 541 3499 a
557 3437 669 3501 liberis
686 3437 864 3500 detrectari
882 3446 1046 3519 proterve,
1058 3437 1168 3499 omnis
1185 3438 1245 3499 im·
1273 3454 1340 3500 virae
1351 3467 1411 3500 com-

135 3536 343 3619 patientibus
364 3540 571 3621 disciplinae‚
588 3541 651 3603 nisi
669 3541 696 3604 si
708 3559 792 3617 quae
805 3549 856 3603 est
873 3539 1061 3621 voluptaria
1077 3549 1110 3602 et
1127 3539 1247 3605 mollis.
1273 3532 1423 3641 mm

137 3637 229 3702 Hinc
245 3639 381 3722 opifices
395 3642 462 3704 suis
476 3661 511 3706 se
527 3643 655 3707 artibus
672 3663 852 3720 removere,
865 3641 1025 3724 defugere
1038 3641 1246 3720 labores,nec
1274 3655 1300 3696 ra
1310 3649 1398 3696 oriam·

135 3751 225 3806 sorte
252 3753 440 3822 contentos,
457 3746 578 3810 altiora
609 3749 788 3830 suspicere,
813 3747 1038 3829 improvidam
1062 3747 1246 3830 quamdam
1271 3715 1410 3838 imm,

135 3855 337 3928 expetentes
348 3850 583 3931 aequationem
598 3851 783 3914 bonorum:
796 3851 919 3914 similia
932 3849 1112 3914 multorum
1125 3851 1247 3929 studia,
1272 3843 1379 3966 taff·

135 3957 183 4025 ut,
199 3949 301 4013 natali
319 3971 393 4014 rure
425 3953 551 4031 relicto,
564 3954 697 4017 urbium
726 3974 875 4017 rumores
892 3954 1029 4036 capiant
1056 3951 1246 4036 effusasque
1273 3975 1384 4023 aururs-

134 4051 318 4119 illecebras.
338 4054 429 4119 Hinc
446 4057 533 4122 inter
544 4059 678 4121 ordines
695 4059 870 4120 civitatum
887 4056 1116 4140 aequilibritas
1134 4055 1246 4134 nulla;
1272 4039 1411 4153 §mm

135 4169 254 4224 nutare
270 4162 393 4238 omnia,
409 4164 540 4227 animos
557 4165 785 4227 simultatibus
803 4164 997 4247 invidiaque
1021 4163 1179 4246 torqueri,
1195 4163 1246 4225 ius
1273 4177 1355 4248 rarum
1367 4185 1406 4218 or-

134 4263 324 4328 conculcari
341 4265 530 4348 palam,eos
546 4268 767 4352 denique,qui
784 4288 843 4350 spe
854 4267 920 4331 sint
937 4267 1021 4344 lalsi,
1034 4287 1093 4350 per
1109 4265 1245 4329 seditio·
1272 4237 1351 4284 Μ’·
