<?xml version="1.0" encoding="UTF-8"?>
<!DOCTYPE html PUBLIC "-//W3C//DTD XHTML 1.0 Transitional//EN"
    "http://www.w3.org/TR/xhtml1/DTD/xhtml1-transitional.dtd">
<html xmlns="http://www.w3.org/1999/xhtml" xml:lang="en" lang="en">
 <head>
  <title>
</title>
<meta http-equiv="Content-Type" content="text/html;charset=utf-8" />
  <meta name='ocr-system' content='tesseract 3.04.00' />
  <meta name='ocr-capabilities' content='ocr_page ocr_carea ocr_par ocr_line ocrx_word'/>
</head>
<body>
  <div class='ocr_page' id='page_1' title='image "./sanctissimidomi01xiiigoog_0217.png"; bbox 0 0 3222 4888; ppageno 0'>
   <div class='ocr_carea' id='block_1_1' title="bbox 1357 9 1547 177">
    <p class='ocr_par' dir='ltr' id='par_1_1' title="bbox 1357 9 1547 177">
     <span class='ocr_line' id='line_1_1' title="bbox 1357 9 1547 177; baseline -0.011 1"><span class='ocrx_word' id='word_1_1' title='bbox 1357 9 1547 177; x_wconf 70' lang='lat'>¹¹</span> 
     </span>
    </p>
   </div>
   <div class='ocr_carea' id='block_1_2' title="bbox 434 271 1426 358">
    <p class='ocr_par' dir='ltr' id='par_1_2' title="bbox 434 271 1426 358">
     <span class='ocr_line' id='line_1_2' title="bbox 434 271 1426 358; baseline -0.011 -2"><span class='ocrx_word' id='word_1_2' title='bbox 434 307 507 358; x_wconf 89' lang='lat'>210</span> <span class='ocrx_word' id='word_1_3' title='bbox 559 303 656 354; x_wconf 67' lang='lat' dir='ltr'>mre.</span> <span class='ocrx_word' id='word_1_4' title='bbox 680 299 836 352; x_wconf 74' lang='lat' dir='ltr'>sueres.</span> <span class='ocrx_word' id='word_1_5' title='bbox 859 285 1267 348; x_wconf 76' lang='lat' dir='ltr'>“Paovroaumssmus</span> <span class='ocrx_word' id='word_1_6' title='bbox 1286 297 1395 348; x_wconf 81' lang='lat' dir='ltr'>naus.</span> <span class='ocrx_word' id='word_1_7' title='bbox 1410 271 1426 301; x_wconf 82' lang='lat'>&#39;&#39;</span> 
     </span>
    </p>
   </div>
   <div class='ocr_carea' id='block_1_3' title="bbox 280 445 1523 532">
    <p class='ocr_par' dir='ltr' id='par_1_3' title="bbox 280 445 1523 532">
     <span class='ocr_line' id='line_1_3' title="bbox 280 445 1523 532; baseline -0.01 -12"><span class='ocrx_word' id='word_1_8' title='bbox 280 471 403 520; x_wconf 74' lang='lat' dir='ltr'>titttrit:</span> <span class='ocrx_word' id='word_1_9' title='bbox 432 474 553 520; x_wconf 89' lang='lat' dir='ltr'>munus</span> <span class='ocrx_word' id='word_1_10' title='bbox 578 474 645 516; x_wconf 92' lang='lat' dir='ltr'>non</span> <span class='ocrx_word' id='word_1_11' title='bbox 673 451 828 515; x_wconf 89' lang='lat' dir='ltr'>homines</span> <span class='ocrx_word' id='word_1_12' title='bbox 852 449 989 532; x_wconf 89' lang='lat' dir='ltr'>quidem</span> <span class='ocrx_word' id='word_1_13' title='bbox 1016 448 1059 510; x_wconf 89' lang='lat' dir='ltr'>de</span> <span class='ocrx_word' id='word_1_14' title='bbox 1080 447 1203 524; x_wconf 89' lang='lat' dir='ltr'>multis,</span> <span class='ocrx_word' id='word_1_15' title='bbox 1219 447 1279 510; x_wconf 90' lang='lat' dir='ltr'>sed</span> <span class='ocrx_word' id='word_1_16' title='bbox 1307 446 1391 510; x_wconf 91' lang='lat' dir='ltr'>tales</span> <span class='ocrx_word' id='word_1_17' title='bbox 1407 445 1523 508; x_wconf 87' lang='lat' dir='ltr'>assumi</span> 
     </span>
    </p>
   </div>
   <div class='ocr_carea' id='block_1_4' title="bbox 268 536 1523 650">
    <p class='ocr_par' dir='ltr' id='par_1_4' title="bbox 268 536 1523 650">
     <span class='ocr_line' id='line_1_4' title="bbox 268 536 1523 650; baseline -0.014 -21"><span class='ocrx_word' id='word_1_18' title='bbox 268 536 405 650; x_wconf 53' lang='lat' dir='ltr'>asim?</span> <span class='ocrx_word' id='word_1_19' title='bbox 430 569 574 642; x_wconf 86' lang='lat' dir='ltr'><strong>oportet,</strong></span> <span class='ocrx_word' id='word_1_20' title='bbox 588 577 673 640; x_wconf 91' lang='lat' dir='ltr'>quos</span> <span class='ocrx_word' id='word_1_21' title='bbox 689 574 832 638; x_wconf 87' lang='lat' dir='ltr'>magnus</span> <span class='ocrx_word' id='word_1_22' title='bbox 849 572 944 617; x_wconf 92' lang='lat' dir='ltr'>amor</span> <span class='ocrx_word' id='word_1_23' title='bbox 960 563 993 615; x_wconf 87' lang='lat' dir='ltr'>et</span> <span class='ocrx_word' id='word_1_24' title='bbox 1010 552 1169 615; x_wconf 84' lang='lat' dir='ltr'>diuturna</span> <span class='ocrx_word' id='word_1_25' title='bbox 1181 551 1393 615; x_wconf 90' lang='lat' dir='ltr'>consuetudo</span> <span class='ocrx_word' id='word_1_26' title='bbox 1409 551 1523 614; x_wconf 92' lang='lat' dir='ltr'>Biblio-</span> 
     </span>
    </p>
   </div>
   <div class='ocr_carea' id='block_1_5' title="bbox 267 655 1528 860">
    <p class='ocr_par' dir='ltr' id='par_1_5' title="bbox 267 655 1528 860">
     <span class='ocr_line' id='line_1_5' title="bbox 275 655 1526 744; baseline -0.01 -14"><span class='ocrx_word' id='word_1_27' title='bbox 275 673 402 742; x_wconf 67' lang='lat' dir='ltr'>turpans</span> <span class='ocrx_word' id='word_1_28' title='bbox 431 684 513 742; x_wconf 91' lang='lat' dir='ltr'>rum,</span> <span class='ocrx_word' id='word_1_29' title='bbox 529 675 631 744; x_wconf 90' lang='lat' dir='ltr'>atque</span> <span class='ocrx_word' id='word_1_30' title='bbox 646 670 857 744; x_wconf 90' lang='lat' dir='ltr'>opportunus</span> <span class='ocrx_word' id='word_1_31' title='bbox 883 659 1058 722; x_wconf 84' lang='lat' dir='ltr'>doctrinae</span> <span class='ocrx_word' id='word_1_32' title='bbox 1085 666 1222 720; x_wconf 91' lang='lat' dir='ltr'>ornatus</span> <span class='ocrx_word' id='word_1_33' title='bbox 1249 655 1526 719; x_wconf 85' lang='lat' dir='ltr'>commendabiles</span> 
     </span>
     <span class='ocr_line' id='line_1_6' title="bbox 267 731 1528 860; baseline -0.013 -26"><span class='ocrx_word' id='word_1_34' title='bbox 267 731 403 860; x_wconf 49' lang='lat' dir='ltr'>dffgssiss</span> <span class='ocrx_word' id='word_1_35' title='bbox 430 769 539 846; x_wconf 91' lang='lat' dir='ltr'>faciat,</span> <span class='ocrx_word' id='word_1_36' title='bbox 550 786 645 849; x_wconf 90' lang='lat' dir='ltr'>pares</span> <span class='ocrx_word' id='word_1_37' title='bbox 658 763 775 828; x_wconf 88' lang='lat' dir='ltr'>officio.</span> <span class='ocrx_word' id='word_1_38' title='bbox 793 763 913 845; x_wconf 90' lang='lat' dir='ltr'>Neque</span> <span class='ocrx_word' id='word_1_39' title='bbox 927 763 1036 824; x_wconf 91' lang='lat' dir='ltr'>minus</span> <span class='ocrx_word' id='word_1_40' title='bbox 1050 759 1321 842; x_wconf 85' lang='lat' dir='ltr'>prospiciendum</span> <span class='ocrx_word' id='word_1_41' title='bbox 1336 769 1465 822; x_wconf 84' lang='lat' dir='ltr'>mature</span> <span class='ocrx_word' id='word_1_42' title='bbox 1476 767 1528 830; x_wconf 89' lang='lat' dir='ltr'>est,</span> 
     </span>
    </p>
   </div>
   <div class='ocr_carea' id='block_1_6' title="bbox 255 861 1528 976">
    <p class='ocr_par' dir='ltr' id='par_1_6' title="bbox 255 861 1528 976">
     <span class='ocr_line' id='line_1_7' title="bbox 255 861 1528 976; baseline -0.01 -41"><span class='ocrx_word' id='word_1_43' title='bbox 255 865 403 976; x_wconf 48' lang='grc' dir='ltr'>’ῑῑέῖῧζζ</span> <span class='ocrx_word' id='word_1_44' title='bbox 430 876 548 938; x_wconf 88' lang='lat' dir='ltr'>horum</span> <span class='ocrx_word' id='word_1_45' title='bbox 566 881 684 954; x_wconf 89' lang='lat' dir='ltr'>postea</span> <span class='ocrx_word' id='word_1_46' title='bbox 700 870 811 933; x_wconf 92' lang='lat' dir='ltr'>locum</span> <span class='ocrx_word' id='word_1_47' title='bbox 829 867 886 950; x_wconf 93' lang='lat' dir='ltr'>qui</span> <span class='ocrx_word' id='word_1_48' title='bbox 903 868 969 930; x_wconf 92' lang='lat' dir='ltr'>sint</span> <span class='ocrx_word' id='word_1_49' title='bbox 984 863 1169 945; x_wconf 83' lang='lat' dir='ltr'>excepturi.</span> <span class='ocrx_word' id='word_1_50' title='bbox 1190 864 1314 926; x_wconf 89' lang='lat' dir='ltr'>luverit</span> <span class='ocrx_word' id='word_1_51' title='bbox 1330 863 1465 937; x_wconf 89' lang='lat' dir='ltr'>idcirco,</span> <span class='ocrx_word' id='word_1_52' title='bbox 1480 861 1528 923; x_wconf 92' lang='lat' dir='ltr'>ubi</span> 
     </span>
    </p>
   </div>
   <div class='ocr_carea' id='block_1_7' title="bbox 259 969 1525 1057">
    <p class='ocr_par' dir='ltr' id='par_1_7' title="bbox 259 969 1525 1057">
     <span class='ocr_line' id='line_1_8' title="bbox 259 969 1525 1057; baseline -0.01 -15"><span class='ocrx_word' id='word_1_53' title='bbox 259 994 401 1057; x_wconf 75' lang='lat' dir='ltr'>magisterio</span> <span class='ocrx_word' id='word_1_54' title='bbox 429 978 646 1042; x_wconf 89' lang='lat' dir='ltr'>commodum</span> <span class='ocrx_word' id='word_1_55' title='bbox 664 975 716 1052; x_wconf 92' lang='lat' dir='ltr'>sit,</span> <span class='ocrx_word' id='word_1_56' title='bbox 732 995 776 1037; x_wconf 88' lang='lat' dir='ltr'>ex</span> <span class='ocrx_word' id='word_1_57' title='bbox 801 971 946 1035; x_wconf 91' lang='lat' dir='ltr'>alumnis</span> <span class='ocrx_word' id='word_1_58' title='bbox 974 970 1125 1051; x_wconf 75' lang='lat' dir='ltr'>optimae</span> <span class='ocrx_word' id='word_1_59' title='bbox 1151 971 1233 1052; x_wconf 88' lang='lat' dir='ltr'>spei,</span> <span class='ocrx_word' id='word_1_60' title='bbox 1249 969 1443 1049; x_wconf 83' lang='lat' dir='ltr'><strong>theologiae</strong></span> <span class='ocrx_word' id='word_1_61' title='bbox 1458 987 1525 1049; x_wconf 87' lang='lat' dir='ltr'>spa·</span> 
     </span>
    </p>
   </div>
   <div class='ocr_carea' id='block_1_8' title="bbox 249 1059 1526 1174">
    <p class='ocr_par' dir='ltr' id='par_1_8' title="bbox 249 1059 1526 1174">
     <span class='ocr_line' id='line_1_9' title="bbox 249 1059 1526 1174; baseline -0.017 -21"><span class='ocrx_word' id='word_1_62' title='bbox 249 1059 399 1174; x_wconf 47' lang='lat' dir='ltr'>§msam</span> <span class='ocrx_word' id='word_1_63' title='bbox 429 1085 513 1148; x_wconf 92' lang='lat' dir='ltr'>tium</span> <span class='ocrx_word' id='word_1_64' title='bbox 531 1081 666 1145; x_wconf 90' lang='lat' dir='ltr'>laudate</span> <span class='ocrx_word' id='word_1_65' title='bbox 682 1079 837 1154; x_wconf 91' lang='lat' dir='ltr'>emensis,</span> <span class='ocrx_word' id='word_1_66' title='bbox 853 1075 1032 1139; x_wconf 88' lang='lat' dir='ltr'>nonnullos</span> <span class='ocrx_word' id='word_1_67' title='bbox 1048 1073 1170 1136; x_wconf 87' lang='lat' dir='ltr'>divinis</span> <span class='ocrx_word' id='word_1_68' title='bbox 1185 1073 1293 1135; x_wconf 85' lang='lat' dir='ltr'>Libris</span> <span class='ocrx_word' id='word_1_69' title='bbox 1310 1082 1403 1136; x_wconf 91' lang='lat' dir='ltr'>totos</span> <span class='ocrx_word' id='word_1_70' title='bbox 1415 1071 1526 1146; x_wconf 83' lang='lat' dir='ltr'>addici,</span> 
     </span>
    </p>
   </div>
   <div class='ocr_carea' id='block_1_9' title="bbox 426 1176 1526 1576">
    <p class='ocr_par' dir='ltr' id='par_1_9' title="bbox 426 1176 1526 1576">
     <span class='ocr_line' id='line_1_10' title="bbox 428 1176 1524 1265; baseline -0.011 -15"><span class='ocrx_word' id='word_1_71' title='bbox 428 1187 516 1250; x_wconf 89' lang='lat' dir='ltr'>facta</span> <span class='ocrx_word' id='word_1_72' title='bbox 529 1185 656 1248; x_wconf 91' lang='lat' dir='ltr'>eisdem</span> <span class='ocrx_word' id='word_1_73' title='bbox 667 1181 826 1265; x_wconf 82' lang='lat' dir='ltr'>plenioris</span> <span class='ocrx_word' id='word_1_74' title='bbox 837 1179 1011 1244; x_wconf 90' lang='lat' dir='ltr'>cuiusdam</span> <span class='ocrx_word' id='word_1_75' title='bbox 1026 1176 1129 1240; x_wconf 91' lang='lat' dir='ltr'>studii</span> <span class='ocrx_word' id='word_1_76' title='bbox 1144 1177 1352 1258; x_wconf 86' lang='lat' dir='ltr'>aliquamdiu</span> <span class='ocrx_word' id='word_1_77' title='bbox 1364 1177 1524 1239; x_wconf 83' lang='lat' dir='ltr'>facultate.</span> 
     </span>
     <span class='ocr_line' id='line_1_11' title="bbox 428 1281 1526 1369; baseline -0.015 -14"><span class='ocrx_word' id='word_1_78' title='bbox 428 1292 482 1355; x_wconf 90' lang='lat' dir='ltr'>Ita</span> <span class='ocrx_word' id='word_1_79' title='bbox 498 1289 620 1354; x_wconf 91' lang='lat' dir='ltr'>delecti</span> <span class='ocrx_word' id='word_1_80' title='bbox 637 1285 847 1369; x_wconf 87' lang='lat' dir='ltr'>institutique</span> <span class='ocrx_word' id='word_1_81' title='bbox 864 1285 1028 1360; x_wconf 90' lang='lat' dir='ltr'>doctores,</span> <span class='ocrx_word' id='word_1_82' title='bbox 1040 1281 1257 1345; x_wconf 90' lang='lat' dir='ltr'>commissum</span> <span class='ocrx_word' id='word_1_83' title='bbox 1275 1299 1397 1343; x_wconf 90' lang='lat' dir='ltr'>munus</span> <span class='ocrx_word' id='word_1_84' title='bbox 1411 1281 1526 1343; x_wconf 89' lang='lat' dir='ltr'>adeant</span> 
     </span>
     <span class='ocr_line' id='line_1_12' title="bbox 427 1383 1525 1471; baseline -0.012 -14"><span class='ocrx_word' id='word_1_85' title='bbox 427 1393 591 1458; x_wconf 89' lang='lat' dir='ltr'>fidenter:</span> <span class='ocrx_word' id='word_1_86' title='bbox 608 1391 640 1452; x_wconf 93' lang='lat' dir='ltr'>in</span> <span class='ocrx_word' id='word_1_87' title='bbox 658 1409 726 1471; x_wconf 88' lang='lat' dir='ltr'>quo</span> <span class='ocrx_word' id='word_1_88' title='bbox 741 1399 779 1452; x_wconf 93' lang='lat' dir='ltr'>ut</span> <span class='ocrx_word' id='word_1_89' title='bbox 794 1398 968 1452; x_wconf 90' lang='lat' dir='ltr'>versentur</span> <span class='ocrx_word' id='word_1_90' title='bbox 983 1388 1113 1468; x_wconf 90' lang='lat' dir='ltr'>optime</span> <span class='ocrx_word' id='word_1_91' title='bbox 1141 1395 1175 1448; x_wconf 89' lang='lat' dir='ltr'>et</span> <span class='ocrx_word' id='word_1_92' title='bbox 1198 1393 1447 1447; x_wconf 90' lang='lat' dir='ltr'>consentaneos</span> <span class='ocrx_word' id='word_1_93' title='bbox 1469 1383 1525 1445; x_wconf 91' lang='lat' dir='ltr'>fru-</span> 
     </span>
     <span class='ocr_line' id='line_1_13' title="bbox 426 1486 1526 1576; baseline -0.013 -16"><span class='ocrx_word' id='word_1_94' title='bbox 426 1505 500 1560; x_wconf 90' lang='lat' dir='ltr'>ctus</span> <span class='ocrx_word' id='word_1_95' title='bbox 530 1495 686 1570; x_wconf 90' lang='lat' dir='ltr'>educant,</span> <span class='ocrx_word' id='word_1_96' title='bbox 716 1492 830 1576; x_wconf 91' lang='lat' dir='ltr'>aliqua</span> <span class='ocrx_word' id='word_1_97' title='bbox 857 1491 938 1573; x_wconf 90' lang='lat' dir='ltr'>ipsis</span> <span class='ocrx_word' id='word_1_98' title='bbox 972 1491 1176 1553; x_wconf 88' lang='lat' dir='ltr'>documenta</span> <span class='ocrx_word' id='word_1_99' title='bbox 1202 1487 1304 1569; x_wconf 88' lang='lat' dir='ltr'>paulo</span> <span class='ocrx_word' id='word_1_100' title='bbox 1330 1486 1526 1568; x_wconf 87' lang='lat' dir='ltr'>explicatius</span> 
     </span>
    </p>
   </div>
   <div class='ocr_carea' id='block_1_10' title="bbox 265 1585 1525 1702">
    <p class='ocr_par' dir='ltr' id='par_1_10' title="bbox 265 1585 1525 1702">
     <span class='ocr_line' id='line_1_14' title="bbox 265 1585 1525 1702; baseline -0.004 -45"><span class='ocrx_word' id='word_1_101' title='bbox 265 1585 397 1702; x_wconf 47' lang='lat' dir='ltr'>tussim</span> <span class='ocrx_word' id='word_1_102' title='bbox 427 1597 597 1678; x_wconf 88' lang='lat' dir='ltr'>impertire</span> <span class='ocrx_word' id='word_1_103' title='bbox 614 1595 734 1678; x_wconf 89' lang='lat' dir='ltr'>placet.</span> <span class='ocrx_word' id='word_1_104' title='bbox 749 1633 793 1643; x_wconf 90' lang='lat'>-</span> <span class='ocrx_word' id='word_1_105' title='bbox 809 1593 902 1676; x_wconf 85' lang='lat' dir='ltr'>Ergo</span> <span class='ocrx_word' id='word_1_106' title='bbox 929 1594 1071 1676; x_wconf 87' lang='lat' dir='ltr'>ingeniis</span> <span class='ocrx_word' id='word_1_107' title='bbox 1096 1592 1242 1656; x_wconf 83' lang='lat' dir='ltr'>tironum</span> <span class='ocrx_word' id='word_1_108' title='bbox 1269 1593 1302 1652; x_wconf 94' lang='lat' dir='ltr'>in</span> <span class='ocrx_word' id='word_1_109' title='bbox 1331 1591 1407 1673; x_wconf 92' lang='lat' dir='ltr'>ipso</span> <span class='ocrx_word' id='word_1_110' title='bbox 1432 1591 1525 1654; x_wconf 89' lang='lat' dir='ltr'>studii</span> 
     </span>
    </p>
   </div>
   <div class='ocr_carea' id='block_1_11' title="bbox 246 1696 1526 1883">
    <p class='ocr_par' dir='ltr' id='par_1_11' title="bbox 246 1696 1526 1883">
     <span class='ocr_line' id='line_1_15' title="bbox 246 1696 1523 1780; baseline -0.007 -15"><span class='ocrx_word' id='word_1_111' title='bbox 246 1718 403 1767; x_wconf 69' lang='lat' dir='ltr'>traductione</span> <span class='ocrx_word' id='word_1_112' title='bbox 427 1701 542 1764; x_wconf 91' lang='lat' dir='ltr'>limine</span> <span class='ocrx_word' id='word_1_113' title='bbox 566 1702 611 1764; x_wconf 90' lang='lat' dir='ltr'>sic</span> <span class='ocrx_word' id='word_1_114' title='bbox 639 1698 855 1780; x_wconf 86' lang='lat' dir='ltr'>prospiciant,</span> <span class='ocrx_word' id='word_1_115' title='bbox 880 1707 916 1761; x_wconf 92' lang='lat' dir='ltr'>ut</span> <span class='ocrx_word' id='word_1_116' title='bbox 944 1697 1105 1760; x_wconf 91' lang='lat' dir='ltr'>iudicium</span> <span class='ocrx_word' id='word_1_117' title='bbox 1135 1698 1166 1758; x_wconf 91' lang='lat' dir='ltr'>in</span> <span class='ocrx_word' id='word_1_118' title='bbox 1195 1696 1252 1772; x_wconf 91' lang='lat' dir='ltr'>eis,</span> <span class='ocrx_word' id='word_1_119' title='bbox 1268 1705 1386 1777; x_wconf 91' lang='lat' dir='ltr'>aptum</span> <span class='ocrx_word' id='word_1_120' title='bbox 1406 1697 1523 1778; x_wconf 88' lang='lat' dir='ltr'>pariter</span> 
     </span>
     <span class='ocr_line' id='line_1_16' title="bbox 247 1781 1526 1883; baseline -0.007 -16"><span class='ocrx_word' id='word_1_121' title='bbox 247 1781 336 1832; x_wconf 75' lang='lat' dir='ltr'>biblica</span> <span class='ocrx_word' id='word_1_122' title='bbox 354 1799 396 1834; x_wconf 74' lang='lat'>&#39;²⁰&#39;</span> <span class='ocrx_word' id='word_1_123' title='bbox 427 1803 537 1866; x_wconf 88' lang='lat' dir='ltr'>Libris</span> <span class='ocrx_word' id='word_1_124' title='bbox 553 1803 675 1866; x_wconf 91' lang='lat' dir='ltr'>divinis</span> <span class='ocrx_word' id='word_1_125' title='bbox 685 1801 819 1864; x_wconf 90' lang='lat' dir='ltr'>tuendis</span> <span class='ocrx_word' id='word_1_126' title='bbox 835 1810 937 1883; x_wconf 88' lang='lat' dir='ltr'>atque</span> <span class='ocrx_word' id='word_1_127' title='bbox 949 1799 1161 1882; x_wconf 87' lang='lat' dir='ltr'>arripiendae</span> <span class='ocrx_word' id='word_1_128' title='bbox 1174 1819 1218 1861; x_wconf 91' lang='lat' dir='ltr'>ex</span> <span class='ocrx_word' id='word_1_129' title='bbox 1239 1797 1319 1879; x_wconf 91' lang='lat' dir='ltr'>ipsis</span> <span class='ocrx_word' id='word_1_130' title='bbox 1337 1799 1526 1871; x_wconf 87' lang='lat' dir='ltr'>sententiae,</span> 
     </span>
    </p>
   </div>
   <div class='ocr_carea' id='block_1_12' title="bbox 304 1855 1526 1984">
    <p class='ocr_par' dir='ltr' id='par_1_12' title="bbox 304 1855 1526 1984">
     <span class='ocr_line' id='line_1_17' title="bbox 304 1855 1526 1984; baseline 0.04 -27"><span class='ocrx_word' id='word_1_131' title='bbox 304 1855 395 1898; x_wconf 72' lang='lat' dir='ltr'>tatum</span> <span class='ocrx_word' id='word_1_132' title='bbox 424 1902 635 1966; x_wconf 72' lang='lat' dir='ltr'>conforment</span> <span class='ocrx_word' id='word_1_133' title='bbox 651 1901 770 1964; x_wconf 89' lang='lat' dir='ltr'>sedulo</span> <span class='ocrx_word' id='word_1_134' title='bbox 794 1911 828 1964; x_wconf 92' lang='lat' dir='ltr'>et</span> <span class='ocrx_word' id='word_1_135' title='bbox 853 1900 1022 1964; x_wconf 87' lang='lat' dir='ltr'>excolant.</span> <span class='ocrx_word' id='word_1_136' title='bbox 1042 1901 1118 1966; x_wconf 86' lang='lat' dir='ltr'>Huc</span> <span class='ocrx_word' id='word_1_137' title='bbox 1136 1903 1282 1984; x_wconf 88' lang='lat' dir='ltr'>pertinet</span> <span class='ocrx_word' id='word_1_138' title='bbox 1307 1911 1474 1966; x_wconf 59' lang='lat' dir='ltr'><strong>tractatus</strong></span> <span class='ocrx_word' id='word_1_139' title='bbox 1494 1901 1526 1964; x_wconf 53' lang='grc' dir='ltr'><em>ὰ</em></span> 
     </span>
    </p>
   </div>
   <div class='ocr_carea' id='block_1_13' title="bbox 397 2003 1583 2400">
    <p class='ocr_par' dir='ltr' id='par_1_13' title="bbox 426 2003 1523 2194">
     <span class='ocr_line' id='line_1_18' title="bbox 426 2003 1522 2088; baseline 0 -20"><span class='ocrx_word' id='word_1_140' title='bbox 426 2003 669 2081; x_wconf 82' lang='lat' dir='ltr'>introductione,</span> <span class='ocrx_word' id='word_1_141' title='bbox 686 2013 722 2066; x_wconf 92' lang='lat' dir='ltr'>ut</span> <span class='ocrx_word' id='word_1_142' title='bbox 749 2003 941 2086; x_wconf 90' lang='lat' dir='ltr'>loquuntur,</span> <span class='ocrx_word' id='word_1_143' title='bbox 968 2003 1091 2082; x_wconf 82' lang='lat' dir='ltr'>biblica,</span> <span class='ocrx_word' id='word_1_144' title='bbox 1109 2027 1153 2069; x_wconf 93' lang='lat' dir='ltr'>ex</span> <span class='ocrx_word' id='word_1_145' title='bbox 1181 2025 1249 2088; x_wconf 92' lang='lat' dir='ltr'>quo</span> <span class='ocrx_word' id='word_1_146' title='bbox 1265 2005 1425 2070; x_wconf 89' lang='lat' dir='ltr'>alumnus</span> <span class='ocrx_word' id='word_1_147' title='bbox 1441 2027 1522 2070; x_wconf 92' lang='lat' dir='ltr'>com·</span> 
     </span>
     <span class='ocr_line' id='line_1_19' title="bbox 426 2107 1523 2194; baseline -0.002 -21"><span class='ocrx_word' id='word_1_148' title='bbox 426 2109 561 2173; x_wconf 91' lang='lat' dir='ltr'>modam</span> <span class='ocrx_word' id='word_1_149' title='bbox 583 2107 686 2172; x_wconf 88' lang='lat' dir='ltr'>habet</span> <span class='ocrx_word' id='word_1_150' title='bbox 702 2127 801 2188; x_wconf 92' lang='lat' dir='ltr'>opem</span> <span class='ocrx_word' id='word_1_151' title='bbox 830 2108 873 2170; x_wconf 94' lang='lat' dir='ltr'>ad</span> <span class='ocrx_word' id='word_1_152' title='bbox 890 2108 1118 2190; x_wconf 89' lang='lat' dir='ltr'>integritatem</span> <span class='ocrx_word' id='word_1_153' title='bbox 1147 2111 1455 2194; x_wconf 87' lang='lat' dir='ltr'>auctoritatemque</span> <span class='ocrx_word' id='word_1_154' title='bbox 1477 2110 1523 2173; x_wconf 90' lang='lat' dir='ltr'>Bi·</span> 
     </span>
    </p>

    <p class='ocr_par' dir='ltr' id='par_1_14' title="bbox 397 2207 1583 2400">
     <span class='ocr_line' id='line_1_20' title="bbox 397 2207 1522 2295; baseline 0 -19"><span class='ocrx_word' id='word_1_155' title='bbox 397 2207 399 2212; x_wconf 72' lang='grc'><strong>’</strong></span> <span class='ocrx_word' id='word_1_156' title='bbox 425 2213 569 2278; x_wconf 91' lang='lat' dir='ltr'>bliorum</span> <span class='ocrx_word' id='word_1_157' title='bbox 586 2211 862 2288; x_wconf 89' lang='lat' dir='ltr'>convincendam,</span> <span class='ocrx_word' id='word_1_158' title='bbox 878 2213 920 2275; x_wconf 87' lang='lat' dir='ltr'>ad</span> <span class='ocrx_word' id='word_1_159' title='bbox 946 2212 1134 2295; x_wconf 84' lang='lat' dir='ltr'>legitimum</span> <span class='ocrx_word' id='word_1_160' title='bbox 1153 2216 1185 2277; x_wconf 91' lang='lat' dir='ltr'>in</span> <span class='ocrx_word' id='word_1_161' title='bbox 1203 2213 1268 2277; x_wconf 92' lang='lat' dir='ltr'>illis</span> <span class='ocrx_word' id='word_1_162' title='bbox 1284 2233 1425 2278; x_wconf 90' lang='lat' dir='ltr'>sensum</span> <span class='ocrx_word' id='word_1_163' title='bbox 1443 2217 1522 2278; x_wconf 89' lang='lat' dir='ltr'>inve·</span> 
     </span>
     <span class='ocr_line' id='line_1_21' title="bbox 425 2317 1583 2400; baseline -0.003 -18"><span class='ocrx_word' id='word_1_164' title='bbox 425 2319 620 2400; x_wconf 84' lang='lat' dir='ltr'>stigandum</span> <span class='ocrx_word' id='word_1_165' title='bbox 651 2326 684 2378; x_wconf 90' lang='lat' dir='ltr'>et</span> <span class='ocrx_word' id='word_1_166' title='bbox 719 2318 977 2398; x_wconf 89' lang='lat' dir='ltr'>assequendum,</span> <span class='ocrx_word' id='word_1_167' title='bbox 1007 2319 1049 2380; x_wconf 92' lang='lat' dir='ltr'>ad</span> <span class='ocrx_word' id='word_1_168' title='bbox 1082 2318 1281 2399; x_wconf 91' lang='lat' dir='ltr'>occupanda</span> <span class='ocrx_word' id='word_1_169' title='bbox 1312 2319 1469 2399; x_wconf 90' lang='lat' dir='ltr'>captiosa</span> <span class='ocrx_word' id='word_1_170' title='bbox 1496 2327 1522 2379; x_wconf 91' lang='lat' dir='ltr'>et</span> <span class='ocrx_word' id='word_1_171' title='bbox 1582 2317 1583 2320; x_wconf 72' lang='grc'>’</span> 
     </span>
    </p>
   </div>
   <div class='ocr_carea' id='block_1_14' title="bbox 246 2415 1523 2530">
    <p class='ocr_par' dir='ltr' id='par_1_15' title="bbox 246 2415 1523 2530">
     <span class='ocr_line' id='line_1_22' title="bbox 246 2415 1523 2530; baseline -0.009 -37"><span class='ocrx_word' id='word_1_172' title='bbox 246 2415 395 2530; x_wconf 46' lang='grc' dir='ltr'>ὥῇβῖἑεζ</span> <span class='ocrx_word' id='word_1_173' title='bbox 426 2423 583 2487; x_wconf 90' lang='lat' dir='ltr'>radicitus</span> <span class='ocrx_word' id='word_1_174' title='bbox 611 2419 795 2485; x_wconf 89' lang='lat' dir='ltr'>evellenda.</span> <span class='ocrx_word' id='word_1_175' title='bbox 827 2419 924 2502; x_wconf 86' lang='lat' dir='ltr'>Quae</span> <span class='ocrx_word' id='word_1_176' title='bbox 951 2422 1069 2504; x_wconf 88' lang='lat' dir='ltr'>quanti</span> <span class='ocrx_word' id='word_1_177' title='bbox 1101 2422 1263 2485; x_wconf 90' lang='lat' dir='ltr'>momenti</span> <span class='ocrx_word' id='word_1_178' title='bbox 1295 2422 1338 2484; x_wconf 91' lang='lat' dir='ltr'>sit</span> <span class='ocrx_word' id='word_1_179' title='bbox 1367 2423 1523 2504; x_wconf 83' lang='lat' dir='ltr'>disposite</span> 
     </span>
    </p>
   </div>
   <div class='ocr_carea' id='block_1_15' title="bbox 236 2523 1521 2611">
    <p class='ocr_par' dir='ltr' id='par_1_16' title="bbox 236 2523 1582 2666">
     <span class='ocr_line' id='line_1_23' title="bbox 236 2523 1521 2611; baseline -0.004 -17"><span class='ocrx_word' id='word_1_180' title='bbox 236 2546 397 2611; x_wconf 73' lang='lat' dir='ltr'>sexexpontt.</span> <span class='ocrx_word' id='word_1_181' title='bbox 425 2528 643 2608; x_wconf 89' lang='lat' dir='ltr'>scienterque,</span> <span class='ocrx_word' id='word_1_182' title='bbox 659 2523 781 2588; x_wconf 90' lang='lat' dir='ltr'>comite</span> <span class='ocrx_word' id='word_1_183' title='bbox 797 2535 830 2588; x_wconf 90' lang='lat' dir='ltr'>et</span> <span class='ocrx_word' id='word_1_184' title='bbox 846 2525 1009 2588; x_wconf 89' lang='lat' dir='ltr'>adiutrice</span> <span class='ocrx_word' id='word_1_185' title='bbox 1024 2527 1205 2608; x_wconf 87' lang='lat' dir='ltr'>theologia,</span> <span class='ocrx_word' id='word_1_186' title='bbox 1218 2547 1290 2590; x_wconf 89' lang='lat' dir='ltr'>esse</span> <span class='ocrx_word' id='word_1_187' title='bbox 1306 2527 1406 2590; x_wconf 91' lang='lat' dir='ltr'>initio</span> <span class='ocrx_word' id='word_1_188' title='bbox 1418 2528 1521 2609; x_wconf 91' lang='lat' dir='ltr'>dispu·</span> 
     </span>
    </p>
   </div>
   <div class='ocr_carea' id='block_1_16' title="bbox 254 2613 1520 2724">
    <p class='ocr_par' dir='ltr' id='par_1_17' title="bbox 254 2613 1520 2724">
     <span class='ocr_line' id='line_1_24' title="bbox 254 2613 1520 2724; baseline -0.006 -25"><span class='ocrx_word' id='word_1_189' title='bbox 254 2613 396 2724; x_wconf 53' lang='lat' dir='ltr'>„msszzf</span> <span class='ocrx_word' id='word_1_190' title='bbox 425 2640 504 2702; x_wconf 86' lang='lat' dir='ltr'>tata,</span> <span class='ocrx_word' id='word_1_191' title='bbox 532 2631 591 2693; x_wconf 91' lang='lat' dir='ltr'>vix</span> <span class='ocrx_word' id='word_1_192' title='bbox 618 2629 740 2692; x_wconf 88' lang='lat' dir='ltr'>attinet</span> <span class='ocrx_word' id='word_1_193' title='bbox 767 2627 886 2707; x_wconf 87' lang='lat' dir='ltr'>dicere,</span> <span class='ocrx_word' id='word_1_194' title='bbox 902 2649 1005 2711; x_wconf 91' lang='lat' dir='ltr'>quum</span> <span class='ocrx_word' id='word_1_195' title='bbox 1034 2639 1106 2694; x_wconf 92' lang='lat' dir='ltr'>tota</span> <span class='ocrx_word' id='word_1_196' title='bbox 1133 2631 1345 2694; x_wconf 90' lang='lat' dir='ltr'>continenter</span> <span class='ocrx_word' id='word_1_197' title='bbox 1369 2631 1520 2695; x_wconf 86' lang='lat' dir='ltr'>tractatio</span> 
     </span>
    </p>
   </div>
   <div class='ocr_carea' id='block_1_17' title="bbox 236 2732 1518 2816">
    <p class='ocr_par' dir='ltr' id='par_1_18' title="bbox 236 2732 1581 2888">
     <span class='ocr_line' id='line_1_25' title="bbox 236 2732 1518 2816; baseline 0.004 -26"><span class='ocrx_word' id='word_1_198' title='bbox 236 2745 297 2808; x_wconf 85' lang='lat' dir='ltr'>jam</span> <span class='ocrx_word' id='word_1_199' title='bbox 319 2743 396 2791; x_wconf 75' lang='lat' dir='ltr'>edocti</span> <span class='ocrx_word' id='word_1_200' title='bbox 424 2733 618 2816; x_wconf 86' lang='lat' dir='ltr'>Scripturae</span> <span class='ocrx_word' id='word_1_201' title='bbox 634 2733 764 2815; x_wconf 88' lang='lat' dir='ltr'>reliqua</span> <span class='ocrx_word' id='word_1_202' title='bbox 779 2733 870 2796; x_wconf 91' lang='lat' dir='ltr'>hisce</span> <span class='ocrx_word' id='word_1_203' title='bbox 886 2733 939 2795; x_wconf 85' lang='lat' dir='ltr'>vel</span> <span class='ocrx_word' id='word_1_204' title='bbox 968 2732 1197 2796; x_wconf 87' lang='lat' dir='ltr'>fundamentis</span> <span class='ocrx_word' id='word_1_205' title='bbox 1214 2735 1342 2798; x_wconf 91' lang='lat' dir='ltr'>nitatur</span> <span class='ocrx_word' id='word_1_206' title='bbox 1357 2735 1413 2798; x_wconf 90' lang='lat' dir='ltr'>vel</span> <span class='ocrx_word' id='word_1_207' title='bbox 1431 2734 1518 2798; x_wconf 88' lang='lat' dir='ltr'>lumi·</span> 
     </span>
    </p>
   </div>
   <div class='ocr_carea' id='block_1_18' title="bbox 243 2808 1516 2936">
    <p class='ocr_par' dir='ltr' id='par_1_19' title="bbox 243 2808 1516 2936">
     <span class='ocr_line' id='line_1_26' title="bbox 243 2808 1459 2867; baseline -0.015 -12"><span class='ocrx_word' id='word_1_208' title='bbox 243 2808 346 2867; x_wconf 80' lang='lat' dir='ltr'>tirones,</span> <span class='ocrx_word' id='word_1_209' title='bbox 364 2809 391 2856; x_wconf 91' lang='lat' dir='ltr'>S.</span> <span class='ocrx_word' id='word_1_210' title='bbox 448 2839 456 2853; x_wconf 89' lang='lat'>.</span> <span class='ocrx_word' id='word_1_211' title='bbox 840 2837 846 2850; x_wconf 92' lang='lat'><em>.</em></span> <span class='ocrx_word' id='word_1_212' title='bbox 928 2838 935 2851; x_wconf 91' lang='lat'><em>.</em></span> <span class='ocrx_word' id='word_1_213' title='bbox 1124 2837 1130 2852; x_wconf 89' lang='grc'><strong>,</strong></span> <span class='ocrx_word' id='word_1_214' title='bbox 1247 2823 1254 2838; x_wconf 81' lang='lat'><strong>·</strong></span> <span class='ocrx_word' id='word_1_215' title='bbox 1289 2839 1297 2854; x_wconf 73' lang='grc'>,</span> <span class='ocrx_word' id='word_1_216' title='bbox 1452 2841 1459 2854; x_wconf 55' lang='grc'>,</span> 
     </span>
     <span class='ocr_line' id='line_1_27' title="bbox 247 2836 1516 2936; baseline -0.004 -32"><span class='ocrx_word' id='word_1_217' title='bbox 247 2873 395 2936; x_wconf 68' lang='lat' dir='ltr'>Scripturas</span> <span class='ocrx_word' id='word_1_218' title='bbox 423 2839 521 2901; x_wconf 77' lang='lat' dir='ltr'>nibus</span> <span class='ocrx_word' id='word_1_219' title='bbox 533 2837 703 2900; x_wconf 87' lang='lat' dir='ltr'>clarescat.</span> <span class='ocrx_word' id='word_1_220' title='bbox 718 2873 763 2884; x_wconf 87' lang='lat'>-</span> <span class='ocrx_word' id='word_1_221' title='bbox 779 2836 916 2900; x_wconf 74' lang='lat' dir='ltr'>Exinde</span> <span class='ocrx_word' id='word_1_222' title='bbox 927 2859 959 2900; x_wconf 87' lang='lat' dir='ltr'>rn</span> <span class='ocrx_word' id='word_1_223' title='bbox 972 2838 1226 2904; x_wconf 76' lang='lat' dir='ltr'>fructuosiorem</span> <span class='ocrx_word' id='word_1_224' title='bbox 1240 2839 1339 2902; x_wconf 74' lang='lat' dir='ltr'>huius</span> <span class='ocrx_word' id='word_1_225' title='bbox 1349 2841 1516 2904; x_wconf 77' lang='lat' dir='ltr'>doctrinae</span> 
     </span>
    </p>
   </div>
   <div class='ocr_carea' id='block_1_19' title="bbox 269 2939 1580 3129">
    <p class='ocr_par' dir='ltr' id='par_1_20' title="bbox 269 2939 1580 3129">
     <span class='ocr_line' id='line_1_28' title="bbox 275 2939 1580 3024; baseline 0.003 -23"><span class='ocrx_word' id='word_1_226' title='bbox 275 2939 394 3018; x_wconf 36' lang='lat' dir='ltr'>&#39;audiant</span> <span class='ocrx_word' id='word_1_227' title='bbox 421 2951 562 3023; x_wconf 90' lang='lat' dir='ltr'>partem,</span> <span class='ocrx_word' id='word_1_228' title='bbox 578 2959 666 3022; x_wconf 91' lang='lat' dir='ltr'>quae</span> <span class='ocrx_word' id='word_1_229' title='bbox 692 2941 735 3003; x_wconf 91' lang='lat' dir='ltr'>de</span> <span class='ocrx_word' id='word_1_230' title='bbox 755 2939 1032 3022; x_wconf 89' lang='lat' dir='ltr'>interpretatione</span> <span class='ocrx_word' id='word_1_231' title='bbox 1048 2953 1108 3020; x_wconf 91' lang='lat' dir='ltr'>est,</span> <span class='ocrx_word' id='word_1_232' title='bbox 1125 2941 1336 3024; x_wconf 89' lang='lat' dir='ltr'>perstudiose</span> <span class='ocrx_word' id='word_1_233' title='bbox 1353 2944 1518 3007; x_wconf 89' lang='lat' dir='ltr'>incumbet</span> <span class='ocrx_word' id='word_1_234' title='bbox 1579 2983 1580 2990; x_wconf 51' lang='lat'>,</span> 
     </span>
     <span class='ocr_line' id='line_1_29' title="bbox 269 3011 1518 3129; baseline 0.005 -26"><span class='ocrx_word' id='word_1_235' title='bbox 269 3011 394 3118; x_wconf 48' lang='grc' dir='ltr'>’ὔῘ-ζῖᾆ,</span> <span class='ocrx_word' id='word_1_236' title='bbox 421 3043 648 3127; x_wconf 87' lang='lat' dir='ltr'>praeceptoris</span> <span class='ocrx_word' id='word_1_237' title='bbox 665 3061 789 3125; x_wconf 86' lang='lat' dir='ltr'>opera;</span> <span class='ocrx_word' id='word_1_238' title='bbox 806 3045 895 3107; x_wconf 90' lang='lat' dir='ltr'>unde</span> <span class='ocrx_word' id='word_1_239' title='bbox 920 3047 964 3108; x_wconf 90' lang='lat' dir='ltr'>sit</span> <span class='ocrx_word' id='word_1_240' title='bbox 992 3047 1209 3123; x_wconf 86' lang='lat' dir='ltr'>auditoribus,</span> <span class='ocrx_word' id='word_1_241' title='bbox 1225 3067 1293 3129; x_wconf 87' lang='lat' dir='ltr'>quo</span> <span class='ocrx_word' id='word_1_242' title='bbox 1318 3049 1398 3112; x_wconf 90' lang='lat' dir='ltr'>dein</span> <span class='ocrx_word' id='word_1_243' title='bbox 1427 3048 1518 3111; x_wconf 90' lang='lat' dir='ltr'>modo</span> 
     </span>
    </p>
   </div>
   <div class='ocr_carea' id='block_1_20' title="bbox 234 3135 1579 3340">
    <p class='ocr_par' dir='ltr' id='par_1_21' title="bbox 234 3135 1579 3340">
     <span class='ocr_line' id='line_1_30' title="bbox 234 3135 1579 3264; baseline -0.006 -46"><span class='ocrx_word' id='word_1_244' title='bbox 234 3135 393 3264; x_wconf 41' lang='lat' dir='ltr'>muffet}</span> <span class='ocrx_word' id='word_1_245' title='bbox 421 3147 525 3212; x_wconf 89' lang='lat' dir='ltr'>divini</span> <span class='ocrx_word' id='word_1_246' title='bbox 541 3147 633 3210; x_wconf 91' lang='lat' dir='ltr'>verbi</span> <span class='ocrx_word' id='word_1_247' title='bbox 650 3147 785 3209; x_wconf 92' lang='lat' dir='ltr'>divitias</span> <span class='ocrx_word' id='word_1_248' title='bbox 801 3148 834 3210; x_wconf 90' lang='lat' dir='ltr'>in</span> <span class='ocrx_word' id='word_1_249' title='bbox 852 3149 1039 3230; x_wconf 89' lang='lat' dir='ltr'>profectum</span> <span class='ocrx_word' id='word_1_250' title='bbox 1058 3152 1227 3234; x_wconf 88' lang='lat' dir='ltr'>religionis</span> <span class='ocrx_word' id='word_1_251' title='bbox 1244 3162 1278 3216; x_wconf 93' lang='lat' dir='ltr'>et</span> <span class='ocrx_word' id='word_1_252' title='bbox 1294 3153 1435 3233; x_wconf 88' lang='lat' dir='ltr'>pietatis</span> <span class='ocrx_word' id='word_1_253' title='bbox 1451 3173 1518 3216; x_wconf 91' lang='lat' dir='ltr'>con·</span> <span class='ocrx_word' id='word_1_254' title='bbox 1578 3205 1579 3210; x_wconf 73' lang='grc'>,</span> 
     </span>
     <span class='ocr_line' id='line_1_31' title="bbox 272 3249 1517 3340; baseline 0.001 -25"><span class='ocrx_word' id='word_1_255' title='bbox 272 3265 360 3328; x_wconf 74' lang='lat' dir='ltr'>glanis</span> <span class='ocrx_word' id='word_1_256' title='bbox 369 3271 394 3314; x_wconf 83' lang='lat' dir='ltr'>tt</span> <span class='ocrx_word' id='word_1_257' title='bbox 422 3259 564 3315; x_wconf 90' lang='lat' dir='ltr'>vertant.</span> <span class='ocrx_word' id='word_1_258' title='bbox 579 3249 803 3332; x_wconf 83' lang='lat' dir='ltr'>intelligimus</span> <span class='ocrx_word' id='word_1_259' title='bbox 815 3252 983 3332; x_wconf 89' lang='lat' dir='ltr'>equidem,</span> <span class='ocrx_word' id='word_1_260' title='bbox 996 3257 1142 3320; x_wconf 88' lang='lat' dir='ltr'>enarrari</span> <span class='ocrx_word' id='word_1_261' title='bbox 1154 3257 1187 3319; x_wconf 94' lang='lat' dir='ltr'>in</span> <span class='ocrx_word' id='word_1_262' title='bbox 1201 3256 1324 3320; x_wconf 89' lang='lat' dir='ltr'>scholis</span> <span class='ocrx_word' id='word_1_263' title='bbox 1336 3255 1517 3340; x_wconf 88' lang='lat' dir='ltr'>Scripturas</span> 
     </span>
    </p>
   </div>
   <div class='ocr_carea' id='block_1_21' title="bbox 272 3337 1578 3461">
    <p class='ocr_par' dir='ltr' id='par_1_22' title="bbox 272 3337 1578 3461">
     <span class='ocr_line' id='line_1_32' title="bbox 272 3337 1578 3461; baseline -0.002 -40"><span class='ocrx_word' id='word_1_264' title='bbox 272 3337 394 3461; x_wconf 42' lang='lat' dir='ltr'>qm?</span> <span class='ocrx_word' id='word_1_265' title='bbox 421 3374 549 3432; x_wconf 91' lang='lat' dir='ltr'>omnes,</span> <span class='ocrx_word' id='word_1_266' title='bbox 565 3373 633 3452; x_wconf 32' lang='lat' dir='ltr'>nec.</span> <span class='ocrx_word' id='word_1_267' title='bbox 654 3373 712 3435; x_wconf 87' lang='lat' dir='ltr'>per</span> <span class='ocrx_word' id='word_1_268' title='bbox 737 3353 996 3435; x_wconf 87' lang='lat' dir='ltr'>amplitudinem</span> <span class='ocrx_word' id='word_1_269' title='bbox 1015 3360 1071 3435; x_wconf 92' lang='lat' dir='ltr'>rei,</span> <span class='ocrx_word' id='word_1_270' title='bbox 1087 3380 1147 3423; x_wconf 91' lang='lat' dir='ltr'>nec</span> <span class='ocrx_word' id='word_1_271' title='bbox 1175 3381 1234 3442; x_wconf 93' lang='lat' dir='ltr'>per</span> <span class='ocrx_word' id='word_1_272' title='bbox 1254 3369 1392 3441; x_wconf 91' lang='lat' dir='ltr'>tempus</span> <span class='ocrx_word' id='word_1_273' title='bbox 1422 3362 1515 3424; x_wconf 88' lang='lat' dir='ltr'>licere</span> <span class='ocrx_word' id='word_1_274' title='bbox 1577 3429 1578 3440; x_wconf 9' lang='grc' dir='ltr'>χ</span> 
     </span>
    </p>
   </div>
   <div class='ocr_carea' id='block_1_22' title="bbox 291 3457 1514 3546">
    <p class='ocr_par' dir='ltr' id='par_1_23' title="bbox 291 3443 1578 3554">
     <span class='ocr_line' id='line_1_33' title="bbox 291 3457 1514 3546; baseline 0.004 -28"><span class='ocrx_word' id='word_1_275' title='bbox 291 3459 338 3509; x_wconf 80' lang='lat' dir='ltr'>dus</span> <span class='ocrx_word' id='word_1_276' title='bbox 349 3469 391 3511; x_wconf 81' lang='lat' dir='ltr'>est.</span> <span class='ocrx_word' id='word_1_277' title='bbox 421 3457 676 3534; x_wconf 89' lang='lat' dir='ltr'>Verumtamen,</span> <span class='ocrx_word' id='word_1_278' title='bbox 691 3457 852 3538; x_wconf 88' lang='lat' dir='ltr'>quoniam</span> <span class='ocrx_word' id='word_1_279' title='bbox 868 3467 960 3522; x_wconf 90' lang='lat' dir='ltr'>certa</span> <span class='ocrx_word' id='word_1_280' title='bbox 985 3481 1070 3542; x_wconf 90' lang='lat' dir='ltr'>opus</span> <span class='ocrx_word' id='word_1_281' title='bbox 1096 3473 1146 3525; x_wconf 91' lang='lat' dir='ltr'>est</span> <span class='ocrx_word' id='word_1_282' title='bbox 1162 3463 1216 3526; x_wconf 89' lang='lat' dir='ltr'>via</span> <span class='ocrx_word' id='word_1_283' title='bbox 1231 3463 1514 3546; x_wconf 89' lang='lat' dir='ltr'>interpretationis</span> 
     </span>
    </p>
   </div>
   <div class='ocr_carea' id='block_1_23' title="bbox 303 3551 1512 3682">
    <p class='ocr_par' dir='ltr' id='par_1_24' title="bbox 303 3551 1577 3776">
     <span class='ocr_line' id='line_1_34' title="bbox 303 3551 1512 3682; baseline -0.002 -57"><span class='ocrx_word' id='word_1_284' title='bbox 303 3551 393 3682; x_wconf 48' lang='lat'>2²52</span> <span class='ocrx_word' id='word_1_285' title='bbox 421 3561 547 3625; x_wconf 90' lang='lat' dir='ltr'>utiliter</span> <span class='ocrx_word' id='word_1_286' title='bbox 563 3559 807 3642; x_wconf 88' lang='lat' dir='ltr'>expediendae,</span> <span class='ocrx_word' id='word_1_287' title='bbox 832 3569 1012 3641; x_wconf 90' lang='lat' dir='ltr'>utrumque</span> <span class='ocrx_word' id='word_1_288' title='bbox 1038 3563 1198 3644; x_wconf 85' lang='lat' dir='ltr'>magister</span> <span class='ocrx_word' id='word_1_289' title='bbox 1222 3561 1370 3644; x_wconf 90' lang='lat' dir='ltr'>prudens</span> <span class='ocrx_word' id='word_1_290' title='bbox 1397 3563 1512 3626; x_wconf 88' lang='lat' dir='ltr'>devitet</span> 
     </span>
    </p>
   </div>
   <div class='ocr_carea' id='block_1_24' title="bbox 251 3665 1576 3874">
    <p class='ocr_par' dir='ltr' id='par_1_25' title="bbox 251 3665 1576 3874">
     <span class='ocr_line' id='line_1_35' title="bbox 271 3665 1512 3761; baseline -0.005 -31"><span class='ocrx_word' id='word_1_291' title='bbox 271 3739 273 3746; x_wconf 41' lang='lat'>,</span> <span class='ocrx_word' id='word_1_292' title='bbox 291 3682 389 3761; x_wconf 59' lang='lat' dir='ltr'>schottt,</span> <span class='ocrx_word' id='word_1_293' title='bbox 420 3667 684 3742; x_wconf 91' lang='lat' dir='ltr'>incommodum,</span> <span class='ocrx_word' id='word_1_294' title='bbox 699 3665 752 3728; x_wconf 93' lang='lat' dir='ltr'>vel</span> <span class='ocrx_word' id='word_1_295' title='bbox 769 3683 883 3727; x_wconf 90' lang='lat' dir='ltr'>eorum</span> <span class='ocrx_word' id='word_1_296' title='bbox 901 3665 957 3746; x_wconf 93' lang='lat' dir='ltr'>qui</span> <span class='ocrx_word' id='word_1_297' title='bbox 974 3665 1017 3728; x_wconf 92' lang='lat' dir='ltr'>de</span> <span class='ocrx_word' id='word_1_298' title='bbox 1033 3665 1173 3748; x_wconf 83' lang='lat' dir='ltr'>singulis</span> <span class='ocrx_word' id='word_1_299' title='bbox 1194 3666 1286 3730; x_wconf 91' lang='lat' dir='ltr'>libris</span> <span class='ocrx_word' id='word_1_300' title='bbox 1302 3667 1428 3729; x_wconf 90' lang='lat' dir='ltr'>cursim</span> <span class='ocrx_word' id='word_1_301' title='bbox 1443 3665 1512 3728; x_wconf 92' lang='lat' dir='ltr'>deli·</span> 
     </span>
     <span class='ocr_line' id='line_1_36' title="bbox 251 3747 1576 3874; baseline -0.011 -34"><span class='ocrx_word' id='word_1_302' title='bbox 251 3747 393 3874; x_wconf 49' lang='lat' dir='ltr'>mm</span> <span class='ocrx_word' id='word_1_303' title='bbox 420 3773 569 3836; x_wconf 89' lang='lat' dir='ltr'>bandum</span> <span class='ocrx_word' id='word_1_304' title='bbox 582 3769 752 3850; x_wconf 87' lang='lat' dir='ltr'>praebent,</span> <span class='ocrx_word' id='word_1_305' title='bbox 762 3767 814 3832; x_wconf 93' lang='lat' dir='ltr'>vel</span> <span class='ocrx_word' id='word_1_306' title='bbox 825 3788 940 3832; x_wconf 90' lang='lat' dir='ltr'>eorum</span> <span class='ocrx_word' id='word_1_307' title='bbox 955 3769 1011 3851; x_wconf 93' lang='lat' dir='ltr'>qui</span> <span class='ocrx_word' id='word_1_308' title='bbox 1027 3770 1060 3832; x_wconf 91' lang='lat' dir='ltr'>in</span> <span class='ocrx_word' id='word_1_309' title='bbox 1078 3780 1169 3832; x_wconf 88' lang='lat' dir='ltr'>certa</span> <span class='ocrx_word' id='word_1_310' title='bbox 1185 3771 1282 3832; x_wconf 91' lang='lat' dir='ltr'>unius</span> <span class='ocrx_word' id='word_1_311' title='bbox 1298 3780 1397 3851; x_wconf 90' lang='lat' dir='ltr'>parte</span> <span class='ocrx_word' id='word_1_312' title='bbox 1407 3771 1512 3832; x_wconf 91' lang='lat' dir='ltr'>immo·</span> <span class='ocrx_word' id='word_1_313' title='bbox 1575 3831 1576 3858; x_wconf 80' lang='lat'>,</span> 
     </span>
    </p>
   </div>
   <div class='ocr_carea' id='block_1_25' title="bbox 270 3871 1575 4064">
    <p class='ocr_par' dir='ltr' id='par_1_26' title="bbox 270 3871 1575 4064">
     <span class='ocr_line' id='line_1_37' title="bbox 278 3871 1510 3956; baseline -0.005 -18"><span class='ocrx_word' id='word_1_314' title='bbox 278 3880 394 3956; x_wconf 66' lang='lat' dir='ltr'>excepto,</span> <span class='ocrx_word' id='word_1_315' title='bbox 420 3877 568 3940; x_wconf 88' lang='lat' dir='ltr'>deratius</span> <span class='ocrx_word' id='word_1_316' title='bbox 584 3874 782 3937; x_wconf 89' lang='lat' dir='ltr'>consistunt.</span> <span class='ocrx_word' id='word_1_317' title='bbox 800 3871 837 3938; x_wconf 85' lang='lat' dir='ltr'>Si</span> <span class='ocrx_word' id='word_1_318' title='bbox 854 3873 943 3934; x_wconf 92' lang='lat' dir='ltr'>enim</span> <span class='ocrx_word' id='word_1_319' title='bbox 970 3873 1003 3935; x_wconf 93' lang='lat' dir='ltr'>in</span> <span class='ocrx_word' id='word_1_320' title='bbox 1021 3875 1189 3955; x_wconf 85' lang='lat' dir='ltr'>plerisque</span> <span class='ocrx_word' id='word_1_321' title='bbox 1205 3873 1329 3937; x_wconf 86' lang='lat' dir='ltr'>scholis</span> <span class='ocrx_word' id='word_1_322' title='bbox 1345 3877 1433 3938; x_wconf 89' lang='lat' dir='ltr'>adeo</span> <span class='ocrx_word' id='word_1_323' title='bbox 1455 3891 1510 3935; x_wconf 91' lang='lat' dir='ltr'>non</span> 
     </span>
     <span class='ocr_line' id='line_1_38' title="bbox 270 3941 1575 4064; baseline -0.002 -24"><span class='ocrx_word' id='word_1_324' title='bbox 270 3941 392 4058; x_wconf 52' lang='lat' dir='ltr'>iiim:</span> <span class='ocrx_word' id='word_1_325' title='bbox 420 3981 544 4064; x_wconf 89' lang='lat' dir='ltr'>poterit</span> <span class='ocrx_word' id='word_1_326' title='bbox 561 3979 714 4054; x_wconf 88' lang='lat' dir='ltr'>obtineri,</span> <span class='ocrx_word' id='word_1_327' title='bbox 731 3977 820 4060; x_wconf 93' lang='lat' dir='ltr'>quod</span> <span class='ocrx_word' id='word_1_328' title='bbox 839 3978 871 4039; x_wconf 91' lang='lat' dir='ltr'>in</span> <span class='ocrx_word' id='word_1_329' title='bbox 889 3977 1086 4041; x_wconf 89' lang='lat' dir='ltr'>Academiis</span> <span class='ocrx_word' id='word_1_330' title='bbox 1101 3980 1292 4057; x_wconf 89' lang='lat' dir='ltr'>maioribus,</span> <span class='ocrx_word' id='word_1_331' title='bbox 1313 3991 1350 4042; x_wconf 91' lang='lat' dir='ltr'>ut</span> <span class='ocrx_word' id='word_1_332' title='bbox 1361 3999 1452 4042; x_wconf 86' lang='lat' dir='ltr'>unus</span> <span class='ocrx_word' id='word_1_333' title='bbox 1463 3985 1512 4038; x_wconf 91' lang='lat' dir='ltr'>aut</span> <span class='ocrx_word' id='word_1_334' title='bbox 1574 4039 1575 4060; x_wconf 54' lang='lat'>,</span> 
     </span>
    </p>
   </div>
   <div class='ocr_carea' id='block_1_26' title="bbox 238 4067 1575 4203">
    <p class='ocr_par' dir='ltr' id='par_1_27' title="bbox 238 4067 1575 4203">
     <span class='ocr_line' id='line_1_39' title="bbox 238 4067 1575 4203; baseline 0.001 -61"><span class='ocrx_word' id='word_1_335' title='bbox 238 4073 392 4203; x_wconf 51' lang='lat' dir='ltr'>jg‘t&#39;wf</span> <span class='ocrx_word' id='word_1_336' title='bbox 421 4085 504 4148; x_wconf 89' lang='lat' dir='ltr'>alter</span> <span class='ocrx_word' id='word_1_337' title='bbox 521 4085 603 4148; x_wconf 88' lang='lat' dir='ltr'>liber</span> <span class='ocrx_word' id='word_1_338' title='bbox 618 4083 871 4145; x_wconf 89' lang='lat' dir='ltr'>continuatione</span> <span class='ocrx_word' id='word_1_339' title='bbox 887 4085 1034 4164; x_wconf 90' lang='lat' dir='ltr'>quadam</span> <span class='ocrx_word' id='word_1_340' title='bbox 1052 4093 1085 4146; x_wconf 91' lang='lat' dir='ltr'>et</span> <span class='ocrx_word' id='word_1_341' title='bbox 1101 4083 1254 4145; x_wconf 90' lang='lat' dir='ltr'>ubertate</span> <span class='ocrx_word' id='word_1_342' title='bbox 1270 4091 1470 4166; x_wconf 87' lang='lat' dir='ltr'>exponatur,</span> <span class='ocrx_word' id='word_1_343' title='bbox 1483 4087 1510 4141; x_wconf 85' lang='lat' dir='ltr'>at</span> <span class='ocrx_word' id='word_1_344' title='bbox 1574 4067 1575 4080; x_wconf 39' lang='lat'>¹</span> 
     </span>
    </p>
   </div>
   <div class='ocr_carea' id='block_1_27' title="bbox 280 4185 1574 4272">
    <p class='ocr_par' dir='ltr' id='par_1_28' title="bbox 280 4185 1574 4272">
     <span class='ocr_line' id='line_1_40' title="bbox 280 4185 1574 4272; baseline -0.006 -20"><span class='ocrx_word' id='word_1_345' title='bbox 280 4207 393 4267; x_wconf 71' lang='lat' dir='ltr'>gunttta</span> <span class='ocrx_word' id='word_1_346' title='bbox 423 4208 627 4272; x_wconf 85' lang='lat' dir='ltr'>magnopere</span> <span class='ocrx_word' id='word_1_347' title='bbox 643 4187 926 4263; x_wconf 88' lang='lat' dir='ltr'>efficiendumest,</span> <span class='ocrx_word' id='word_1_348' title='bbox 942 4196 979 4250; x_wconf 91' lang='lat' dir='ltr'>ut</span> <span class='ocrx_word' id='word_1_349' title='bbox 996 4185 1153 4250; x_wconf 93' lang='lat' dir='ltr'>librorum</span> <span class='ocrx_word' id='word_1_350' title='bbox 1172 4196 1283 4268; x_wconf 89' lang='lat' dir='ltr'>partes</span> <span class='ocrx_word' id='word_1_351' title='bbox 1300 4189 1343 4249; x_wconf 87' lang='lat' dir='ltr'>ad</span> <span class='ocrx_word' id='word_1_352' title='bbox 1362 4189 1508 4266; x_wconf 89' lang='lat' dir='ltr'>interpre-</span> <span class='ocrx_word' id='word_1_353' title='bbox 1573 4237 1574 4266; x_wconf 74' lang='lat'>,</span> 
     </span>
    </p>
   </div>
   <div class='ocr_carea' id='block_1_28' title="bbox 249 4273 394 4320">
    <p class='ocr_par' dir='ltr' id='par_1_29' title="bbox 249 4273 394 4320">
     <span class='ocr_line' id='line_1_41' title="bbox 249 4273 394 4320; baseline 0.034 -5"><span class='ocrx_word' id='word_1_354' title='bbox 249 4273 394 4320; x_wconf 80' lang='lat' dir='ltr'>tractandas</span> 
     </span>
    </p>
   </div>
   <div class='ocr_carea' id='block_1_29' title="bbox 243 4267 1574 4402">
    <p class='ocr_par' dir='ltr' id='par_1_30' title="bbox 243 4267 1574 4402">
     <span class='ocr_line' id='line_1_42' title="bbox 243 4267 1574 4402; baseline -0.015 -38"><span class='ocrx_word' id='word_1_355' title='bbox 243 4335 396 4402; x_wconf 60' lang='lat' dir='ltr'>utdtsctputt</span> <span class='ocrx_word' id='word_1_356' title='bbox 422 4293 562 4358; x_wconf 89' lang='lat' dir='ltr'>tandum</span> <span class='ocrx_word' id='word_1_357' title='bbox 580 4291 724 4354; x_wconf 88' lang='lat' dir='ltr'>selectae</span> <span class='ocrx_word' id='word_1_358' title='bbox 749 4291 984 4355; x_wconf 87' lang='lat' dir='ltr'>tractationem</span> <span class='ocrx_word' id='word_1_359' title='bbox 1014 4289 1162 4354; x_wconf 88' lang='lat' dir='ltr'>habeant</span> <span class='ocrx_word' id='word_1_360' title='bbox 1188 4293 1427 4355; x_wconf 90' lang='lat' dir='ltr'>convenienter</span> <span class='ocrx_word' id='word_1_361' title='bbox 1448 4287 1505 4370; x_wconf 88' lang='lat' dir='ltr'>ple·</span> <span class='ocrx_word' id='word_1_362' title='bbox 1573 4267 1574 4320; x_wconf 61' lang='lat' dir='ltr'>l</span> 
     </span>
    </p>
   </div>
   <div class='ocr_carea' id='block_1_30' title="bbox 0 0 1616 4888">
    <p class='ocr_par' dir='ltr' id='par_1_31' title="bbox 0 0 1616 4888">
     <span class='ocr_line' id='line_1_43' title="bbox 0 0 1616 4888; baseline 0 1"><span class='ocrx_word' id='word_1_363' title='bbox 0 0 1616 4888; x_wconf 95' lang='lat' dir='ltr'> </span> 
     </span>
    </p>
   </div>
  </div>
 </body>
</html>
