<?xml version="1.0" encoding="UTF-8"?>
<!DOCTYPE html PUBLIC "-//W3C//DTD XHTML 1.0 Transitional//EN"
    "http://www.w3.org/TR/xhtml1/DTD/xhtml1-transitional.dtd">
<html xmlns="http://www.w3.org/1999/xhtml" xml:lang="en" lang="en">
 <head>
  <title>
</title>
<meta http-equiv="Content-Type" content="text/html;charset=utf-8" />
  <meta name='ocr-system' content='tesseract 3.04.00' />
  <meta name='ocr-capabilities' content='ocr_page ocr_carea ocr_par ocr_line ocrx_word'/>
</head>
<body>
  <div class='ocr_page' id='page_1' title='image "./sanctissimidomi01xiiigoog_0295.png"; bbox 0 0 3216 4880; ppageno 0'>
   <div class='ocr_carea' id='block_1_1' title="bbox 411 252 1296 326">
    <p class='ocr_par' dir='ltr' id='par_1_1' title="bbox 411 252 1296 326">
     <span class='ocr_line' id='line_1_1' title="bbox 411 252 1296 326; baseline 0 -2"><span class='ocrx_word' id='word_1_1' title='bbox 411 255 482 325; x_wconf 86' lang='lat'><strong>288</strong></span> <span class='ocrx_word' id='word_1_2' title='bbox 623 275 804 326; x_wconf 73' lang='lat' dir='ltr'><strong>sprsroun</strong></span> <span class='ocrx_word' id='word_1_3' title='bbox 834 263 854 290; x_wconf 90' lang='lat'>“</span> <span class='ocrx_word' id='word_1_4' title='bbox 874 275 1057 326; x_wconf 76' lang='lat' dir='ltr'><strong>Lirrsnns</strong></span> <span class='ocrx_word' id='word_1_5' title='bbox 1084 275 1109 324; x_wconf 79' lang='lat' dir='ltr'><strong>n</strong></span> <span class='ocrx_word' id='word_1_6' title='bbox 1136 275 1256 325; x_wconf 73' lang='lat' dir='ltr'><strong>vorsis</strong></span> <span class='ocrx_word' id='word_1_7' title='bbox 1277 252 1296 278; x_wconf 85' lang='lat'><strong>’²</strong></span> 
     </span>
    </p>
   </div>
   <div class='ocr_carea' id='block_1_2' title="bbox 406 422 1582 818">
    <p class='ocr_par' dir='ltr' id='par_1_2' title="bbox 406 422 1583 826">
     <span class='ocr_line' id='line_1_2' title="bbox 409 422 1582 506; baseline -0.004 -19"><span class='ocrx_word' id='word_1_8' title='bbox 409 426 543 488; x_wconf 89' lang='lat' dir='ltr'><strong>nomine</strong></span> <span class='ocrx_word' id='word_1_9' title='bbox 559 433 713 506; x_wconf 90' lang='lat' dir='ltr'><strong>apertum</strong></span> <span class='ocrx_word' id='word_1_10' title='bbox 730 434 789 488; x_wconf 90' lang='lat' dir='ltr'><strong>est.</strong></span> <span class='ocrx_word' id='word_1_11' title='bbox 803 424 880 486; x_wconf 92' lang='lat' dir='ltr'><strong>Huc</strong></span> <span class='ocrx_word' id='word_1_12' title='bbox 897 425 998 505; x_wconf 90' lang='lat' dir='ltr'><strong>igitur</strong></span> <span class='ocrx_word' id='word_1_13' title='bbox 1014 424 1177 488; x_wconf 89' lang='lat' dir='ltr'><strong>intendite</strong></span> <span class='ocrx_word' id='word_1_14' title='bbox 1193 424 1325 488; x_wconf 88' lang='lat' dir='ltr'><strong>animos</strong></span> <span class='ocrx_word' id='word_1_15' title='bbox 1341 434 1376 486; x_wconf 90' lang='lat' dir='ltr'><strong>et</strong></span> <span class='ocrx_word' id='word_1_16' title='bbox 1393 422 1504 486; x_wconf 92' lang='lat' dir='ltr'><strong>seduli·</strong></span> <span class='ocrx_word' id='word_1_17' title='bbox 1581 435 1582 468; x_wconf 62' lang='lat' dir='ltr'><strong>l</strong></span> 
     </span>
     <span class='ocr_line' id='line_1_3' title="bbox 406 527 1505 608; baseline -0.003 -17"><span class='ocrx_word' id='word_1_18' title='bbox 406 536 521 603; x_wconf 86' lang='lat' dir='ltr'><strong>tatem,</strong></span> <span class='ocrx_word' id='word_1_19' title='bbox 531 527 577 589; x_wconf 92' lang='lat' dir='ltr'><strong>sic</strong></span> <span class='ocrx_word' id='word_1_20' title='bbox 591 538 627 590; x_wconf 95' lang='lat' dir='ltr'><strong>ut</strong></span> <span class='ocrx_word' id='word_1_21' title='bbox 644 527 869 591; x_wconf 89' lang='lat' dir='ltr'><strong>ecclesiastica</strong></span> <span class='ocrx_word' id='word_1_22' title='bbox 886 527 1082 604; x_wconf 88' lang='lat' dir='ltr'><strong>Seminaria,</strong></span> <span class='ocrx_word' id='word_1_23' title='bbox 1093 547 1178 608; x_wconf 90' lang='lat' dir='ltr'><strong>quae</strong></span> <span class='ocrx_word' id='word_1_24' title='bbox 1195 528 1260 590; x_wconf 91' lang='lat' dir='ltr'><strong>iam</strong></span> <span class='ocrx_word' id='word_1_25' title='bbox 1275 536 1364 602; x_wconf 90' lang='lat' dir='ltr'><strong>sunt,</strong></span> <span class='ocrx_word' id='word_1_26' title='bbox 1376 527 1505 589; x_wconf 91' lang='lat' dir='ltr'><strong>omnino</strong></span> 
     </span>
     <span class='ocr_line' id='line_1_4' title="bbox 406 629 1504 712; baseline 0 -20"><span class='ocrx_word' id='word_1_27' title='bbox 406 631 542 711; x_wconf 88' lang='lat' dir='ltr'><strong>vigeant</strong></span> <span class='ocrx_word' id='word_1_28' title='bbox 558 629 776 712; x_wconf 81' lang='lat' dir='ltr'><strong>floreantque,</strong></span> <span class='ocrx_word' id='word_1_29' title='bbox 791 640 862 694; x_wconf 92' lang='lat' dir='ltr'><strong>tum</strong></span> <span class='ocrx_word' id='word_1_30' title='bbox 880 632 921 692; x_wconf 92' lang='lat' dir='ltr'><strong>ad</strong></span> <span class='ocrx_word' id='word_1_31' title='bbox 939 631 1052 694; x_wconf 89' lang='lat' dir='ltr'><strong>studia</strong></span> <span class='ocrx_word' id='word_1_32' title='bbox 1075 650 1243 712; x_wconf 82' lang='lat' dir='ltr'><strong>sacrarum</strong></span> <span class='ocrx_word' id='word_1_33' title='bbox 1259 631 1504 712; x_wconf 87' lang='lat' dir='ltr'><strong>disciplinarum</strong></span> 
     </span>
     <span class='ocr_line' id='line_1_5' title="bbox 407 733 1502 818; baseline -0.001 -21"><span class='ocrx_word' id='word_1_34' title='bbox 407 735 497 818; x_wconf 91' lang='lat' dir='ltr'><strong>quod</strong></span> <span class='ocrx_word' id='word_1_35' title='bbox 514 737 644 812; x_wconf 87' lang='lat' dir='ltr'><strong>attinet,</strong></span> <span class='ocrx_word' id='word_1_36' title='bbox 661 745 732 798; x_wconf 94' lang='lat' dir='ltr'><strong>tum</strong></span> <span class='ocrx_word' id='word_1_37' title='bbox 750 736 841 816; x_wconf 92' lang='lat' dir='ltr'><strong>quod</strong></span> <span class='ocrx_word' id='word_1_38' title='bbox 866 743 996 817; x_wconf 89' lang='lat' dir='ltr'><strong>spectat</strong></span> <span class='ocrx_word' id='word_1_39' title='bbox 1020 736 1062 798; x_wconf 90' lang='lat' dir='ltr'><strong>ad</strong></span> <span class='ocrx_word' id='word_1_40' title='bbox 1089 737 1220 798; x_wconf 88' lang='lat' dir='ltr'><strong>animos</strong></span> <span class='ocrx_word' id='word_1_41' title='bbox 1246 733 1502 799; x_wconf 89' lang='lat' dir='ltr'><strong>adolescentium</strong></span> 
     </span>
    </p>
   </div>
   <div class='ocr_carea' id='block_1_3' title="bbox 286 827 1583 921">
    <p class='ocr_par' dir='ltr' id='par_1_3' title="bbox 286 827 1583 921">
     <span class='ocr_line' id='line_1_6' title="bbox 286 827 1583 921; baseline -0.001 -22"><span class='ocrx_word' id='word_1_42' title='bbox 286 846 315 892; x_wconf 81' lang='lat' dir='ltr'><strong>in</strong></span> <span class='ocrx_word' id='word_1_43' title='bbox 326 845 381 908; x_wconf 83' lang='lat' dir='ltr'><strong>qui·</strong></span> <span class='ocrx_word' id='word_1_44' title='bbox 408 846 521 899; x_wconf 90' lang='lat' dir='ltr'><strong>sancte</strong></span> <span class='ocrx_word' id='word_1_45' title='bbox 533 836 716 919; x_wconf 82' lang='lat' dir='ltr'><strong>tingendos</strong></span> <span class='ocrx_word' id='word_1_46' title='bbox 730 837 850 900; x_wconf 89' lang='lat' dir='ltr'><strong>Studia</strong></span> <span class='ocrx_word' id='word_1_47' title='bbox 867 838 1002 919; x_wconf 90' lang='lat' dir='ltr'><strong>quidem</strong></span> <span class='ocrx_word' id='word_1_48' title='bbox 1015 847 1050 902; x_wconf 92' lang='lat' dir='ltr'><strong>ut</strong></span> <span class='ocrx_word' id='word_1_49' title='bbox 1063 849 1152 900; x_wconf 85' lang='lat' dir='ltr'><strong>reete</strong></span> <span class='ocrx_word' id='word_1_50' title='bbox 1168 839 1365 920; x_wconf 84' lang='lat' dir='ltr'><strong>procedant,</strong></span> <span class='ocrx_word' id='word_1_51' title='bbox 1376 837 1504 921; x_wconf 90' lang='lat' dir='ltr'><strong>optimis</strong></span> <span class='ocrx_word' id='word_1_52' title='bbox 1582 827 1583 898; x_wconf 67' lang='lat' dir='ltr'><strong>l</strong></span> 
     </span>
    </p>
   </div>
   <div class='ocr_carea' id='block_1_4' title="bbox 247 912 1503 1025">
    <p class='ocr_par' dir='ltr' id='par_1_4' title="bbox 247 912 1503 1025">
     <span class='ocr_line' id='line_1_7' title="bbox 247 912 1503 1025; baseline -0.005 -20"><span class='ocrx_word' id='word_1_53' title='bbox 247 912 383 1025; x_wconf 50' lang='lat' dir='ltr'><strong>,bss&#39;ffl</strong></span> <span class='ocrx_word' id='word_1_54' title='bbox 408 937 601 1002; x_wconf 91' lang='lat' dir='ltr'><strong>doctoribus</strong></span> <span class='ocrx_word' id='word_1_55' title='bbox 616 956 702 1020; x_wconf 88' lang='lat' dir='ltr'><strong>opus</strong></span> <span class='ocrx_word' id='word_1_56' title='bbox 714 946 773 1012; x_wconf 89' lang='lat' dir='ltr'><strong>est,</strong></span> <span class='ocrx_word' id='word_1_57' title='bbox 785 957 851 1000; x_wconf 92' lang='lat' dir='ltr'><strong>non</strong></span> <span class='ocrx_word' id='word_1_58' title='bbox 870 939 970 1000; x_wconf 90' lang='lat' dir='ltr'><strong>modo</strong></span> <span class='ocrx_word' id='word_1_59' title='bbox 982 957 1062 1000; x_wconf 90' lang='lat' dir='ltr'><strong>sana</strong></span> <span class='ocrx_word' id='word_1_60' title='bbox 1073 939 1226 1001; x_wconf 91' lang='lat' dir='ltr'><strong>doctrina</strong></span> <span class='ocrx_word' id='word_1_61' title='bbox 1239 940 1389 1015; x_wconf 90' lang='lat' dir='ltr'><strong>imbutis,</strong></span> <span class='ocrx_word' id='word_1_62' title='bbox 1401 958 1503 1001; x_wconf 85' lang='lat' dir='ltr'><strong>verum</strong></span> 
     </span>
    </p>
   </div>
   <div class='ocr_carea' id='block_1_5' title="bbox 230 1039 1506 1232">
    <p class='ocr_par' dir='ltr' id='par_1_5' title="bbox 230 1039 1506 1232">
     <span class='ocr_line' id='line_1_8' title="bbox 230 1039 1504 1124; baseline -0.003 -18"><span class='ocrx_word' id='word_1_63' title='bbox 230 1044 382 1117; x_wconf 63' lang='lat' dir='ltr'><strong>tima!-</strong></span> <span class='ocrx_word' id='word_1_64' title='bbox 408 1041 464 1122; x_wconf 89' lang='lat' dir='ltr'><strong>qui</strong></span> <span class='ocrx_word' id='word_1_65' title='bbox 490 1041 581 1102; x_wconf 89' lang='lat' dir='ltr'><strong>illam</strong></span> <span class='ocrx_word' id='word_1_66' title='bbox 609 1039 865 1104; x_wconf 82' lang='lat' dir='ltr'><strong>accommodate</strong></span> <span class='ocrx_word' id='word_1_67' title='bbox 891 1042 1026 1104; x_wconf 90' lang='lat' dir='ltr'><strong>tradant</strong></span> <span class='ocrx_word' id='word_1_68' title='bbox 1042 1053 1076 1106; x_wconf 90' lang='lat' dir='ltr'><strong>et</strong></span> <span class='ocrx_word' id='word_1_69' title='bbox 1093 1043 1134 1105; x_wconf 87' lang='lat' dir='ltr'><strong>ad</strong></span> <span class='ocrx_word' id='word_1_70' title='bbox 1154 1041 1279 1106; x_wconf 88' lang='lat' dir='ltr'><strong>Nostra</strong></span> <span class='ocrx_word' id='word_1_71' title='bbox 1307 1043 1504 1124; x_wconf 89' lang='lat' dir='ltr'><strong>praescripta</strong></span> 
     </span>
     <span class='ocr_line' id='line_1_9' title="bbox 249 1113 1506 1232; baseline -0.01 -11"><span class='ocrx_word' id='word_1_72' title='bbox 249 1113 383 1221; x_wconf 53' lang='lat' dir='ltr'><strong>qlfrpdselil.</strong></span> <span class='ocrx_word' id='word_1_73' title='bbox 409 1149 557 1213; x_wconf 88' lang='lat' dir='ltr'><strong>fideliter.</strong></span> <span class='ocrx_word' id='word_1_74' title='bbox 575 1148 624 1213; x_wconf 95' lang='lat' dir='ltr'><strong>Ut</strong></span> <span class='ocrx_word' id='word_1_75' title='bbox 640 1158 753 1212; x_wconf 87' lang='lat' dir='ltr'><strong>autem</strong></span> <span class='ocrx_word' id='word_1_76' title='bbox 776 1149 973 1212; x_wconf 87' lang='lat' dir='ltr'><strong>adolescens</strong></span> <span class='ocrx_word' id='word_1_77' title='bbox 995 1150 1102 1213; x_wconf 91' lang='lat' dir='ltr'><strong>clerus</strong></span> <span class='ocrx_word' id='word_1_78' title='bbox 1124 1171 1324 1232; x_wconf 91' lang='lat' dir='ltr'><strong>germanum</strong></span> <span class='ocrx_word' id='word_1_79' title='bbox 1344 1147 1506 1213; x_wconf 85' lang='lat' dir='ltr'><strong>Ecclesiae</strong></span> 
     </span>
    </p>
   </div>
   <div class='ocr_carea' id='block_1_6' title="bbox 277 1240 1584 1545">
    <p class='ocr_par' dir='ltr' id='par_1_6' title="bbox 277 1240 1584 1545">
     <span class='ocr_line' id='line_1_10' title="bbox 277 1240 1584 1367; baseline -0.002 -50"><span class='ocrx_word' id='word_1_80' title='bbox 277 1243 385 1367; x_wconf 54' lang='lat' dir='ltr'><strong>&#39;mi&#39;</strong></span> <span class='ocrx_word' id='word_1_81' title='bbox 408 1240 560 1336; x_wconf 91' lang='lat' dir='ltr'><strong>spiritum</strong></span> <span class='ocrx_word' id='word_1_82' title='bbox 586 1253 717 1317; x_wconf 85' lang='lat' dir='ltr'><strong>hauriat</strong></span> <span class='ocrx_word' id='word_1_83' title='bbox 744 1265 777 1318; x_wconf 93' lang='lat' dir='ltr'><strong>et</strong></span> <span class='ocrx_word' id='word_1_84' title='bbox 806 1254 981 1318; x_wconf 86' lang='lat' dir='ltr'><strong>excolatur</strong></span> <span class='ocrx_word' id='word_1_85' title='bbox 1004 1255 1191 1332; x_wconf 89' lang='lat' dir='ltr'><strong>virtutibus,</strong></span> <span class='ocrx_word' id='word_1_86' title='bbox 1208 1255 1360 1336; x_wconf 84' lang='lat' dir='ltr'><strong>magistri</strong></span> <span class='ocrx_word' id='word_1_87' title='bbox 1378 1253 1504 1337; x_wconf 84' lang='lat' dir='ltr'><strong>pietatis</strong></span> <span class='ocrx_word' id='word_1_88' title='bbox 1583 1335 1584 1360; x_wconf 75' lang='lat'><strong>,</strong></span> 
     </span>
     <span class='ocr_line' id='line_1_11' title="bbox 407 1357 1505 1440; baseline -0.002 -18"><span class='ocrx_word' id='word_1_89' title='bbox 407 1357 663 1440; x_wconf 83' lang='lat' dir='ltr'><strong>diligentissime</strong></span> <span class='ocrx_word' id='word_1_90' title='bbox 678 1358 846 1438; x_wconf 86' lang='lat' dir='ltr'><strong>deligendi</strong></span> <span class='ocrx_word' id='word_1_91' title='bbox 861 1367 937 1422; x_wconf 88' lang='lat' dir='ltr'><strong>sunt</strong></span> <span class='ocrx_word' id='word_1_92' title='bbox 946 1380 954 1436; x_wconf 90' lang='lat'>;</span> <span class='ocrx_word' id='word_1_93' title='bbox 967 1377 1108 1440; x_wconf 89' lang='lat' dir='ltr'><strong>quorum</strong></span> <span class='ocrx_word' id='word_1_94' title='bbox 1126 1370 1238 1422; x_wconf 87' lang='lat' dir='ltr'><strong>tamen</strong></span> <span class='ocrx_word' id='word_1_95' title='bbox 1256 1377 1394 1440; x_wconf 90' lang='lat' dir='ltr'><strong>operam</strong></span> <span class='ocrx_word' id='word_1_96' title='bbox 1405 1368 1505 1420; x_wconf 84' lang='lat' dir='ltr'><strong>vestra</strong></span> 
     </span>
     <span class='ocr_line' id='line_1_12' title="bbox 408 1461 1505 1545; baseline 0 -21"><span class='ocrx_word' id='word_1_97' title='bbox 408 1463 509 1526; x_wconf 90' lang='lat' dir='ltr'><strong>etiam</strong></span> <span class='ocrx_word' id='word_1_98' title='bbox 536 1461 635 1543; x_wconf 90' lang='lat' dir='ltr'><strong>plena</strong></span> <span class='ocrx_word' id='word_1_99' title='bbox 661 1462 844 1524; x_wconf 88' lang='lat' dir='ltr'><strong>industriae</strong></span> <span class='ocrx_word' id='word_1_100' title='bbox 872 1461 1063 1526; x_wconf 87' lang='lat' dir='ltr'><strong>sollicitudo</strong></span> <span class='ocrx_word' id='word_1_101' title='bbox 1086 1464 1223 1526; x_wconf 91' lang='lat' dir='ltr'><strong>adiuvet</strong></span> <span class='ocrx_word' id='word_1_102' title='bbox 1239 1473 1273 1527; x_wconf 92' lang='lat' dir='ltr'><strong>et</strong></span> <span class='ocrx_word' id='word_1_103' title='bbox 1289 1462 1447 1545; x_wconf 87' lang='lat' dir='ltr'><strong>perficiat.</strong></span> <span class='ocrx_word' id='word_1_104' title='bbox 1462 1463 1505 1524; x_wconf 84' lang='lat' dir='ltr'><strong>At</strong></span> 
     </span>
    </p>
   </div>
   <div class='ocr_carea' id='block_1_7' title="bbox 230 1565 1505 1755">
    <p class='ocr_par' dir='ltr' id='par_1_7' title="bbox 230 1565 1505 1755">
     <span class='ocr_line' id='line_1_13' title="bbox 273 1565 1505 1647; baseline -0.002 -16"><span class='ocrx_word' id='word_1_105' title='bbox 273 1569 385 1647; x_wconf 32' lang='lat' dir='ltr'><strong>inere-¹</strong></span> <span class='ocrx_word' id='word_1_106' title='bbox 408 1587 486 1629; x_wconf 90' lang='lat' dir='ltr'><strong>vero</strong></span> <span class='ocrx_word' id='word_1_107' title='bbox 511 1568 543 1628; x_wconf 87' lang='lat' dir='ltr'><strong>in</strong></span> <span class='ocrx_word' id='word_1_108' title='bbox 569 1565 777 1629; x_wconf 89' lang='lat' dir='ltr'><strong>dioecesibus</strong></span> <span class='ocrx_word' id='word_1_109' title='bbox 804 1565 859 1628; x_wconf 91' lang='lat' dir='ltr'><strong>ubi</strong></span> <span class='ocrx_word' id='word_1_110' title='bbox 888 1566 979 1629; x_wconf 90' lang='lat' dir='ltr'><strong>nulla</strong></span> <span class='ocrx_word' id='word_1_111' title='bbox 1006 1567 1116 1630; x_wconf 90' lang='lat' dir='ltr'><strong>adhuc</strong></span> <span class='ocrx_word' id='word_1_112' title='bbox 1135 1567 1323 1632; x_wconf 84' lang='lat' dir='ltr'><strong>Seminaria</strong></span> <span class='ocrx_word' id='word_1_113' title='bbox 1351 1567 1505 1641; x_wconf 86' lang='lat' dir='ltr'><strong>existunt,</strong></span> 
     </span>
     <span class='ocr_line' id='line_1_14' title="bbox 230 1635 1505 1755; baseline -0.004 -17"><span class='ocrx_word' id='word_1_114' title='bbox 230 1635 382 1749; x_wconf 42' lang='lat' dir='ltr'><strong>alm}</strong></span> <span class='ocrx_word' id='word_1_115' title='bbox 408 1680 524 1734; x_wconf 90' lang='lat' dir='ltr'><strong>curent</strong></span> <span class='ocrx_word' id='word_1_116' title='bbox 539 1671 632 1734; x_wconf 94' lang='lat' dir='ltr'><strong>omni</strong></span> <span class='ocrx_word' id='word_1_117' title='bbox 648 1691 712 1752; x_wconf 92' lang='lat' dir='ltr'><strong>ope</strong></span> <span class='ocrx_word' id='word_1_118' title='bbox 730 1669 911 1734; x_wconf 91' lang='lat' dir='ltr'><strong>Antistites</strong></span> <span class='ocrx_word' id='word_1_119' title='bbox 939 1681 975 1733; x_wconf 90' lang='lat' dir='ltr'><strong>ut</strong></span> <span class='ocrx_word' id='word_1_120' title='bbox 1000 1691 1040 1734; x_wconf 90' lang='lat' dir='ltr'><strong>ea</strong></span> <span class='ocrx_word' id='word_1_121' title='bbox 1066 1674 1315 1755; x_wconf 87' lang='lat' dir='ltr'><strong>quamprimum</strong></span> <span class='ocrx_word' id='word_1_122' title='bbox 1343 1691 1505 1754; x_wconf 86' lang='lat' dir='ltr'><strong>quamque</strong></span> 
     </span>
    </p>
   </div>
   <div class='ocr_carea' id='block_1_8' title="bbox 231 1765 1585 1880">
    <p class='ocr_par' dir='ltr' id='par_1_8' title="bbox 231 1765 1585 1880">
     <span class='ocr_line' id='line_1_15' title="bbox 231 1765 1585 1880; baseline -0.007 -36"><span class='ocrx_word' id='word_1_123' title='bbox 231 1765 382 1880; x_wconf 42' lang='lat' dir='ltr'><strong>nss&#39;jssase‘jc&#39;g·</strong></span> <span class='ocrx_word' id='word_1_124' title='bbox 407 1777 535 1857; x_wconf 90' lang='lat' dir='ltr'><strong>optime</strong></span> <span class='ocrx_word' id='word_1_125' title='bbox 552 1774 814 1852; x_wconf 88' lang='lat' dir='ltr'><strong>constituantur;</strong></span> <span class='ocrx_word' id='word_1_126' title='bbox 829 1776 943 1837; x_wconf 90' lang='lat' dir='ltr'><strong>omnia</strong></span> <span class='ocrx_word' id='word_1_127' title='bbox 954 1795 1014 1856; x_wconf 91' lang='lat' dir='ltr'><strong>pro</strong></span> <span class='ocrx_word' id='word_1_128' title='bbox 1026 1786 1196 1857; x_wconf 88' lang='lat' dir='ltr'><strong>potestate</strong></span> <span class='ocrx_word' id='word_1_129' title='bbox 1206 1777 1416 1858; x_wconf 87' lang='lat' dir='ltr'><strong>exequendo,</strong></span> <span class='ocrx_word' id='word_1_130' title='bbox 1428 1797 1504 1858; x_wconf 84' lang='lat' dir='ltr'><strong>quae</strong></span> <span class='ocrx_word' id='word_1_131' title='bbox 1584 1765 1585 1788; x_wconf 43' lang='lat' dir='ltr'><strong>l</strong></span> 
     </span>
    </p>
   </div>
   <div class='ocr_carea' id='block_1_9' title="bbox 231 1877 1504 2010">
    <p class='ocr_par' dir='ltr' id='par_1_9' title="bbox 231 1877 1504 2010">
     <span class='ocr_line' id='line_1_16' title="bbox 262 1877 1504 2009; baseline -0.002 -65"><span class='ocrx_word' id='word_1_132' title='bbox 262 1901 331 2009; x_wconf 42' lang='lat' dir='ltr'><strong>tunsi</strong></span> <span class='ocrx_word' id='word_1_133' title='bbox 342 1911 382 2007; x_wconf 59' lang='lat' dir='ltr'><strong>ep·</strong></span> <span class='ocrx_word' id='word_1_134' title='bbox 409 1881 441 1942; x_wconf 90' lang='lat' dir='ltr'><strong>in</strong></span> <span class='ocrx_word' id='word_1_135' title='bbox 459 1879 545 1941; x_wconf 91' lang='lat' dir='ltr'><strong>hanc</strong></span> <span class='ocrx_word' id='word_1_136' title='bbox 561 1889 690 1958; x_wconf 85' lang='lat' dir='ltr'><strong>partem</strong></span> <span class='ocrx_word' id='word_1_137' title='bbox 708 1886 779 1941; x_wconf 91' lang='lat' dir='ltr'><strong>tum</strong></span> <span class='ocrx_word' id='word_1_138' title='bbox 793 1897 813 1940; x_wconf 92' lang='lat' dir='ltr'><strong>a</strong></span> <span class='ocrx_word' id='word_1_139' title='bbox 825 1877 1024 1942; x_wconf 89' lang='lat' dir='ltr'><strong>Tridentina</strong></span> <span class='ocrx_word' id='word_1_140' title='bbox 1036 1879 1176 1960; x_wconf 87' lang='lat' dir='ltr'><strong>Synodo</strong></span> <span class='ocrx_word' id='word_1_141' title='bbox 1193 1880 1321 1942; x_wconf 87' lang='lat' dir='ltr'><strong>sancita</strong></span> <span class='ocrx_word' id='word_1_142' title='bbox 1337 1888 1425 1954; x_wconf 94' lang='lat' dir='ltr'><strong>sunt,</strong></span> <span class='ocrx_word' id='word_1_143' title='bbox 1439 1889 1504 1942; x_wconf 87' lang='lat' dir='ltr'><strong>tum</strong></span> 
     </span>
     <span class='ocr_line' id='line_1_17' title="bbox 231 1968 383 2010; baseline -0.02 0"><span class='ocrx_word' id='word_1_144' title='bbox 231 1968 289 2010; x_wconf 85' lang='lat' dir='ltr'><strong>rent</strong></span> <span class='ocrx_word' id='word_1_145' title='bbox 332 1977 350 2007; x_wconf 88' lang='lat' dir='ltr'><strong>n</strong></span> <span class='ocrx_word' id='word_1_146' title='bbox 362 1977 383 2008; x_wconf 82' lang='lat'><strong>2·</strong></span> 
     </span>
    </p>
   </div>
   <div class='ocr_carea' id='block_1_10' title="bbox 230 1983 1506 2076">
    <p class='ocr_par' dir='ltr' id='par_1_10' title="bbox 230 1983 1506 2076">
     <span class='ocr_line' id='line_1_18' title="bbox 230 1983 1506 2076; baseline -0.005 -24"><span class='ocrx_word' id='word_1_147' title='bbox 230 2028 299 2076; x_wconf 57' lang='lat' dir='ltr'><strong>sm„</strong></span> <span class='ocrx_word' id='word_1_148' title='bbox 310 2032 340 2074; x_wconf 66' lang='lat' dir='ltr'><strong>u,</strong></span> <span class='ocrx_word' id='word_1_149' title='bbox 355 2017 391 2074; x_wconf 60' lang='lat' dir='ltr'><strong>ea*</strong></span> <span class='ocrx_word' id='word_1_150' title='bbox 409 1983 617 2062; x_wconf 90' lang='lat' dir='ltr'><strong>Nosmetipsi</strong></span> <span class='ocrx_word' id='word_1_151' title='bbox 634 1983 864 2064; x_wconf 84' lang='lat' dir='ltr'><strong>praecepimus</strong></span> <span class='ocrx_word' id='word_1_152' title='bbox 877 1983 1082 2064; x_wconf 88' lang='lat' dir='ltr'><strong>Apostolicis</strong></span> <span class='ocrx_word' id='word_1_153' title='bbox 1093 1983 1211 2048; x_wconf 88' lang='lat' dir='ltr'><strong>litteris</strong></span> <span class='ocrx_word' id='word_1_154' title='bbox 1223 1985 1317 2048; x_wconf 85' lang='lat' dir='ltr'><strong>vcal.</strong></span> <span class='ocrx_word' id='word_1_155' title='bbox 1329 1983 1412 2046; x_wconf 89' lang='lat' dir='ltr'><strong>Maii</strong></span> <span class='ocrx_word' id='word_1_156' title='bbox 1424 2003 1506 2046; x_wconf 92' lang='lat' dir='ltr'><strong>anno</strong></span> 
     </span>
    </p>
   </div>
   <div class='ocr_carea' id='block_1_11' title="bbox 230 2087 1586 2271">
    <p class='ocr_par' dir='ltr' id='par_1_11' title="bbox 230 2087 1586 2271">
     <span class='ocr_line' id='line_1_19' title="bbox 252 2087 1505 2170; baseline -0.006 -14"><span class='ocrx_word' id='word_1_157' title='bbox 252 2091 382 2156; x_wconf 75' lang='lat' dir='ltr'><strong>quampn’-</strong></span> <span class='ocrx_word' id='word_1_158' title='bbox 410 2099 613 2152; x_wconf 80' lang='lat' dir='ltr'>MDCCCXCH</span> <span class='ocrx_word' id='word_1_159' title='bbox 629 2087 725 2150; x_wconf 84' lang='lat' dir='ltr'><strong>datis</strong></span> <span class='ocrx_word' id='word_1_160' title='bbox 745 2087 822 2167; x_wconf 87' lang='lat' dir='ltr'><strong>Ipsa</strong></span> <span class='ocrx_word' id='word_1_161' title='bbox 838 2088 981 2150; x_wconf 88' lang='lat' dir='ltr'><strong>docendi</strong></span> <span class='ocrx_word' id='word_1_162' title='bbox 999 2088 1144 2165; x_wconf 89' lang='lat' dir='ltr'><strong>libertas,</strong></span> <span class='ocrx_word' id='word_1_163' title='bbox 1160 2109 1247 2170; x_wconf 92' lang='lat' dir='ltr'><strong>quae</strong></span> <span class='ocrx_word' id='word_1_164' title='bbox 1263 2089 1353 2170; x_wconf 89' lang='lat' dir='ltr'><strong>apud</strong></span> <span class='ocrx_word' id='word_1_165' title='bbox 1376 2097 1505 2170; x_wconf 87' lang='lat' dir='ltr'><strong>gentem</strong></span> 
     </span>
     <span class='ocr_line' id='line_1_20' title="bbox 230 2172 1586 2271; baseline -0.006 -12"><span class='ocrx_word' id='word_1_166' title='bbox 230 2172 383 2271; x_wconf 50' lang='lat' dir='ltr'><strong>,22:125ss</strong></span> <span class='ocrx_word' id='word_1_167' title='bbox 409 2203 553 2256; x_wconf 87' lang='lat' dir='ltr'><strong>vestram</strong></span> <span class='ocrx_word' id='word_1_168' title='bbox 571 2211 659 2255; x_wconf 93' lang='lat' dir='ltr'><strong>nunc</strong></span> <span class='ocrx_word' id='word_1_169' title='bbox 674 2190 772 2268; x_wconf 90' lang='lat' dir='ltr'><strong>valet,</strong></span> <span class='ocrx_word' id='word_1_170' title='bbox 788 2189 982 2254; x_wconf 88' lang='lat' dir='ltr'><strong>facultatem</strong></span> <span class='ocrx_word' id='word_1_171' title='bbox 999 2191 1095 2257; x_wconf 80' lang='lat' dir='ltr'><strong>affert</strong></span> <span class='ocrx_word' id='word_1_172' title='bbox 1112 2194 1207 2256; x_wconf 92' lang='lat' dir='ltr'><strong>vobis</strong></span> <span class='ocrx_word' id='word_1_173' title='bbox 1232 2193 1403 2268; x_wconf 90' lang='lat' dir='ltr'><strong>maiorem,</strong></span> <span class='ocrx_word' id='word_1_174' title='bbox 1420 2202 1455 2254; x_wconf 90' lang='lat' dir='ltr'><strong>ut</strong></span> <span class='ocrx_word' id='word_1_175' title='bbox 1470 2211 1506 2252; x_wconf 90' lang='lat' dir='ltr'><strong>ea</strong></span> <span class='ocrx_word' id='word_1_176' title='bbox 1585 2183 1586 2224; x_wconf 55' lang='lat' dir='ltr'><strong>l</strong></span> 
     </span>
    </p>
   </div>
   <div class='ocr_carea' id='block_1_12' title="bbox 408 2295 1507 2482">
    <p class='ocr_par' dir='ltr' id='par_1_12' title="bbox 408 2295 1507 2482">
     <span class='ocr_line' id='line_1_21' title="bbox 409 2295 1507 2377; baseline 0 -20"><span class='ocrx_word' id='word_1_177' title='bbox 409 2296 584 2377; x_wconf 90' lang='lat' dir='ltr'><strong>praestetis</strong></span> <span class='ocrx_word' id='word_1_178' title='bbox 595 2313 681 2376; x_wconf 90' lang='lat' dir='ltr'><strong>quae</strong></span> <span class='ocrx_word' id='word_1_179' title='bbox 691 2295 734 2357; x_wconf 93' lang='lat' dir='ltr'><strong>de</strong></span> <span class='ocrx_word' id='word_1_180' title='bbox 750 2302 830 2374; x_wconf 90' lang='lat' dir='ltr'><strong>apta</strong></span> <span class='ocrx_word' id='word_1_181' title='bbox 847 2296 975 2358; x_wconf 91' lang='lat' dir='ltr'><strong>ratione</strong></span> <span class='ocrx_word' id='word_1_182' title='bbox 991 2296 1179 2360; x_wconf 90' lang='lat' dir='ltr'><strong>studiorum</strong></span> <span class='ocrx_word' id='word_1_183' title='bbox 1192 2295 1507 2359; x_wconf 86' lang='lat' dir='ltr'><strong>commendavimus.</strong></span> 
     </span>
     <span class='ocr_line' id='line_1_22' title="bbox 408 2395 1507 2482; baseline -0.002 -20"><span class='ocrx_word' id='word_1_184' title='bbox 408 2437 452 2447; x_wconf 94' lang='lat'>-</span> <span class='ocrx_word' id='word_1_185' title='bbox 467 2399 524 2462; x_wconf 94' lang='lat' dir='ltr'><strong>Ad</strong></span> <span class='ocrx_word' id='word_1_186' title='bbox 542 2398 623 2461; x_wconf 90' lang='lat' dir='ltr'><strong>haec</strong></span> <span class='ocrx_word' id='word_1_187' title='bbox 641 2395 846 2480; x_wconf 88' lang='lat' dir='ltr'><strong>praeclarum</strong></span> <span class='ocrx_word' id='word_1_188' title='bbox 864 2419 998 2481; x_wconf 91' lang='lat' dir='ltr'><strong>quoque</strong></span> <span class='ocrx_word' id='word_1_189' title='bbox 1026 2399 1258 2465; x_wconf 89' lang='lat' dir='ltr'><strong>adiumentum</strong></span> <span class='ocrx_word' id='word_1_190' title='bbox 1286 2409 1441 2482; x_wconf 90' lang='lat' dir='ltr'><strong>paratum</strong></span> <span class='ocrx_word' id='word_1_191' title='bbox 1460 2411 1507 2462; x_wconf 88' lang='lat' dir='ltr'><strong>est</strong></span> 
     </span>
    </p>
   </div>
   <div class='ocr_carea' id='block_1_13' title="bbox 245 2489 1509 2602">
    <p class='ocr_par' dir='ltr' id='par_1_13' title="bbox 245 2489 1509 2602">
     <span class='ocr_line' id='line_1_23' title="bbox 245 2489 1509 2602; baseline -0.002 -38"><span class='ocrx_word' id='word_1_192' title='bbox 245 2489 385 2602; x_wconf 45' lang='lat' dir='ltr'><strong>mmlx</strong></span> <span class='ocrx_word' id='word_1_193' title='bbox 410 2503 442 2564; x_wconf 90' lang='lat' dir='ltr'><strong>in</strong></span> <span class='ocrx_word' id='word_1_194' title='bbox 471 2501 664 2564; x_wconf 89' lang='lat' dir='ltr'><strong>clericorum</strong></span> <span class='ocrx_word' id='word_1_195' title='bbox 683 2500 845 2581; x_wconf 88' lang='lat' dir='ltr'><strong>Collegi0,</strong></span> <span class='ocrx_word' id='word_1_196' title='bbox 861 2503 951 2583; x_wconf 92' lang='lat' dir='ltr'><strong>quod</strong></span> <span class='ocrx_word' id='word_1_197' title='bbox 970 2503 1111 2582; x_wconf 92' lang='lat' dir='ltr'><strong>Romae,</strong></span> <span class='ocrx_word' id='word_1_198' title='bbox 1127 2504 1309 2566; x_wconf 91' lang='lat' dir='ltr'><strong>commodo</strong></span> <span class='ocrx_word' id='word_1_199' title='bbox 1335 2501 1509 2564; x_wconf 87' lang='lat' dir='ltr'><strong>Americae</strong></span> 
     </span>
    </p>
   </div>
   <div class='ocr_carea' id='block_1_14' title="bbox 273 2605 1587 2682">
    <p class='ocr_par' dir='ltr' id='par_1_14' title="bbox 273 2605 1587 2682">
     <span class='ocr_line' id='line_1_24' title="bbox 273 2605 1587 2682; baseline 0.001 -17"><span class='ocrx_word' id='word_1_200' title='bbox 273 2619 383 2682; x_wconf 73' lang='lat' dir='ltr'><strong>egregiae</strong></span> <span class='ocrx_word' id='word_1_201' title='bbox 410 2606 645 2682; x_wconf 89' lang='lat' dir='ltr'><strong>meridionalis,</strong></span> <span class='ocrx_word' id='word_1_202' title='bbox 663 2605 740 2668; x_wconf 94' lang='lat' dir='ltr'><strong>Pius</strong></span> <span class='ocrx_word' id='word_1_203' title='bbox 758 2605 810 2668; x_wconf 93' lang='lat' dir='ltr'><strong>IX</strong></span> <span class='ocrx_word' id='word_1_204' title='bbox 828 2605 994 2670; x_wconf 90' lang='lat' dir='ltr'><strong>Decessor</strong></span> <span class='ocrx_word' id='word_1_205' title='bbox 1011 2607 1136 2670; x_wconf 90' lang='lat' dir='ltr'><strong>Noster</strong></span> <span class='ocrx_word' id='word_1_206' title='bbox 1152 2607 1203 2672; x_wconf 86' lang='lat' dir='ltr'><strong>iel.</strong></span> <span class='ocrx_word' id='word_1_207' title='bbox 1220 2628 1282 2670; x_wconf 91' lang='lat' dir='ltr'><strong>rec.</strong></span> <span class='ocrx_word' id='word_1_208' title='bbox 1298 2605 1507 2671; x_wconf 90' lang='lat' dir='ltr'><strong>condendum</strong></span> <span class='ocrx_word' id='word_1_209' title='bbox 1586 2667 1587 2682; x_wconf 60' lang='lat'><strong>,</strong></span> 
     </span>
    </p>
   </div>
   <div class='ocr_carea' id='block_1_15' title="bbox 229 2683 1587 2798">
    <p class='ocr_par' dir='ltr' id='par_1_15' title="bbox 229 2683 1587 2798">
     <span class='ocr_line' id='line_1_25' title="bbox 229 2683 1587 2798; baseline -0.007 -20"><span class='ocrx_word' id='word_1_210' title='bbox 229 2683 383 2798; x_wconf 34' lang='lat' dir='ltr'><strong>&amp;mla</strong></span> <span class='ocrx_word' id='word_1_211' title='bbox 409 2712 546 2789; x_wconf 88' lang='lat' dir='ltr'><strong>curavit,</strong></span> <span class='ocrx_word' id='word_1_212' title='bbox 557 2712 714 2794; x_wconf 90' lang='lat' dir='ltr'><strong>quodque</strong></span> <span class='ocrx_word' id='word_1_213' title='bbox 732 2711 939 2793; x_wconf 88' lang='lat' dir='ltr'><strong>Nosmetipsi</strong></span> <span class='ocrx_word' id='word_1_214' title='bbox 956 2713 1137 2794; x_wconf 90' lang='lat' dir='ltr'><strong>provehere</strong></span> <span class='ocrx_word' id='word_1_215' title='bbox 1148 2713 1338 2776; x_wconf 89' lang='lat' dir='ltr'><strong>studuimus</strong></span> <span class='ocrx_word' id='word_1_216' title='bbox 1350 2711 1508 2792; x_wconf 89' lang='lat' dir='ltr'><strong>valdeque</strong></span> <span class='ocrx_word' id='word_1_217' title='bbox 1586 2689 1587 2716; x_wconf 55' lang='lat'>³</span> 
     </span>
    </p>
   </div>
   <div class='ocr_carea' id='block_1_16' title="bbox 230 2814 1509 2928">
    <p class='ocr_par' dir='ltr' id='par_1_16' title="bbox 230 2814 1509 2928">
     <span class='ocr_line' id='line_1_26' title="bbox 230 2814 1509 2928; baseline 0 -50"><span class='ocrx_word' id='word_1_218' title='bbox 230 2814 382 2928; x_wconf 43' lang='lat' dir='ltr'><strong>wlff-&#39;m</strong></span> <span class='ocrx_word' id='word_1_219' title='bbox 410 2816 570 2880; x_wconf 82' lang='lat' dir='ltr'><strong>fovemus.</strong></span> <span class='ocrx_word' id='word_1_220' title='bbox 587 2815 872 2898; x_wconf 87' lang='lat' dir='ltr'><strong>Expectationem</strong></span> <span class='ocrx_word' id='word_1_221' title='bbox 889 2837 967 2880; x_wconf 91' lang='lat' dir='ltr'><strong>vero</strong></span> <span class='ocrx_word' id='word_1_222' title='bbox 983 2819 1095 2880; x_wconf 90' lang='lat' dir='ltr'><strong>exitus</strong></span> <span class='ocrx_word' id='word_1_223' title='bbox 1113 2817 1239 2880; x_wconf 83' lang='lat' dir='ltr'><strong>felicius</strong></span> <span class='ocrx_word' id='word_1_224' title='bbox 1268 2819 1301 2880; x_wconf 95' lang='lat' dir='ltr'><strong>in</strong></span> <span class='ocrx_word' id='word_1_225' title='bbox 1328 2817 1401 2881; x_wconf 91' lang='lat' dir='ltr'><strong>dies</strong></span> <span class='ocrx_word' id='word_1_226' title='bbox 1423 2835 1509 2880; x_wconf 88' lang='lat' dir='ltr'><strong>com·</strong></span> 
     </span>
    </p>
   </div>
   <div class='ocr_carea' id='block_1_17' title="bbox 230 2919 1509 3217">
    <p class='ocr_par' dir='ltr' id='par_1_17' title="bbox 230 2919 1509 3217">
     <span class='ocr_line' id='line_1_27' title="bbox 251 2919 1509 3003; baseline -0.002 -21"><span class='ocrx_word' id='word_1_227' title='bbox 251 2945 382 2993; x_wconf 77' lang='lat' dir='ltr'><strong>Amerieee</strong></span> <span class='ocrx_word' id='word_1_228' title='bbox 410 2919 499 3003; x_wconf 88' lang='lat' dir='ltr'><strong>plet:</strong></span> <span class='ocrx_word' id='word_1_229' title='bbox 525 2921 673 3003; x_wconf 86' lang='lat' dir='ltr'><strong>satisque</strong></span> <span class='ocrx_word' id='word_1_230' title='bbox 698 2929 748 2982; x_wconf 91' lang='lat' dir='ltr'><strong>est</strong></span> <span class='ocrx_word' id='word_1_231' title='bbox 772 2939 1046 2998; x_wconf 89' lang='lat' dir='ltr'><strong>commemorare,</strong></span> <span class='ocrx_word' id='word_1_232' title='bbox 1062 2942 1105 2984; x_wconf 87' lang='lat' dir='ltr'><strong>ex</strong></span> <span class='ocrx_word' id='word_1_233' title='bbox 1135 2921 1207 3003; x_wconf 89' lang='lat' dir='ltr'><strong>ipso</strong></span> <span class='ocrx_word' id='word_1_234' title='bbox 1235 2929 1348 2984; x_wconf 89' lang='lat' dir='ltr'><strong>vestro</strong></span> <span class='ocrx_word' id='word_1_235' title='bbox 1365 2937 1509 2994; x_wconf 89' lang='lat' dir='ltr'><strong>numero,</strong></span> 
     </span>
     <span class='ocr_line' id='line_1_28' title="bbox 230 3011 1508 3124; baseline -0.002 -39"><span class='ocrx_word' id='word_1_236' title='bbox 230 3011 382 3124; x_wconf 59' lang='lat' dir='ltr'><strong>&#39;&#39;¹²1&#39;J,d,·⁶,⁰,&#39;,¹2&#39;</strong></span> <span class='ocrx_word' id='word_1_237' title='bbox 393 3074 396 3080; x_wconf 96' lang='lat'>.</span> <span class='ocrx_word' id='word_1_238' title='bbox 409 3023 627 3085; x_wconf 89' lang='lat' dir='ltr'><strong>Venerabiles</strong></span> <span class='ocrx_word' id='word_1_239' title='bbox 639 3021 781 3097; x_wconf 87' lang='lat' dir='ltr'><strong>Fratres,</strong></span> <span class='ocrx_word' id='word_1_240' title='bbox 793 3023 973 3086; x_wconf 89' lang='lat' dir='ltr'><strong>nonnullos</strong></span> <span class='ocrx_word' id='word_1_241' title='bbox 989 3023 1114 3086; x_wconf 89' lang='lat' dir='ltr'><strong>censeri</strong></span> <span class='ocrx_word' id='word_1_242' title='bbox 1131 3042 1215 3106; x_wconf 92' lang='lat' dir='ltr'><strong>quos</strong></span> <span class='ocrx_word' id='word_1_243' title='bbox 1231 3023 1390 3086; x_wconf 90' lang='lat' dir='ltr'><strong>habuisse</strong></span> <span class='ocrx_word' id='word_1_244' title='bbox 1406 3021 1508 3084; x_wconf 90' lang='lat' dir='ltr'><strong>alum·</strong></span> 
     </span>
     <span class='ocr_line' id='line_1_29' title="bbox 231 3125 1509 3217; baseline -0.002 -29"><span class='ocrx_word' id='word_1_245' title='bbox 231 3141 326 3189; x_wconf 68' lang='lat' dir='ltr'><strong>ruendi.</strong></span> <span class='ocrx_word' id='word_1_246' title='bbox 411 3145 470 3188; x_wconf 91' lang='lat' dir='ltr'><strong>nos</strong></span> <span class='ocrx_word' id='word_1_247' title='bbox 487 3125 556 3187; x_wconf 88' lang='lat' dir='ltr'><strong>iure</strong></span> <span class='ocrx_word' id='word_1_248' title='bbox 572 3125 660 3188; x_wconf 92' lang='lat' dir='ltr'><strong>idem</strong></span> <span class='ocrx_word' id='word_1_249' title='bbox 681 3125 878 3206; x_wconf 87' lang='lat' dir='ltr'><strong>Ephebeum</strong></span> <span class='ocrx_word' id='word_1_250' title='bbox 896 3127 1045 3192; x_wconf 89' lang='lat' dir='ltr'><strong>laetatur.</strong></span> <span class='ocrx_word' id='word_1_251' title='bbox 1065 3127 1189 3192; x_wconf 91' lang='lat' dir='ltr'><strong>Iuverit</strong></span> <span class='ocrx_word' id='word_1_252' title='bbox 1205 3147 1294 3217; x_wconf 84' lang='lat' dir='ltr'><strong>ergo,</strong></span> <span class='ocrx_word' id='word_1_253' title='bbox 1310 3137 1345 3190; x_wconf 90' lang='lat' dir='ltr'><strong>et</strong></span> <span class='ocrx_word' id='word_1_254' title='bbox 1361 3137 1509 3190; x_wconf 86' lang='lat' dir='ltr'><strong>auctores</strong></span> 
     </span>
    </p>
   </div>
   <div class='ocr_carea' id='block_1_18' title="bbox 278 3228 1507 3623">
    <p class='ocr_par' dir='ltr' id='par_1_18' title="bbox 410 3228 1507 3312">
     <span class='ocr_line' id='line_1_30' title="bbox 410 3228 1507 3312; baseline 0.001 -23"><span class='ocrx_word' id='word_1_255' title='bbox 410 3229 586 3310; x_wconf 88' lang='lat' dir='ltr'><strong>praecipue</strong></span> <span class='ocrx_word' id='word_1_256' title='bbox 613 3247 728 3290; x_wconf 87' lang='lat' dir='ltr'><strong>sumus</strong></span> <span class='ocrx_word' id='word_1_257' title='bbox 756 3237 801 3304; x_wconf 93' lang='lat' dir='ltr'><strong>ut,</strong></span> <span class='ocrx_word' id='word_1_258' title='bbox 817 3249 901 3310; x_wconf 91' lang='lat' dir='ltr'><strong>quos</strong></span> <span class='ocrx_word' id='word_1_259' title='bbox 928 3231 1083 3312; x_wconf 86' lang='lat' dir='ltr'><strong>egregiae</strong></span> <span class='ocrx_word' id='word_1_260' title='bbox 1111 3231 1182 3312; x_wconf 92' lang='lat' dir='ltr'><strong>spei</strong></span> <span class='ocrx_word' id='word_1_261' title='bbox 1206 3230 1439 3294; x_wconf 89' lang='lat' dir='ltr'><strong>adolescentes</strong></span> <span class='ocrx_word' id='word_1_262' title='bbox 1453 3228 1507 3290; x_wconf 89' lang='lat' dir='ltr'><strong>ba·</strong></span> 
     </span>
    </p>

    <p class='ocr_par' dir='ltr' id='par_1_19' title="bbox 410 3329 1506 3414">
     <span class='ocr_line' id='line_1_31' title="bbox 410 3329 1506 3414; baseline -0.004 -18"><span class='ocrx_word' id='word_1_263' title='bbox 410 3331 556 3407; x_wconf 91' lang='lat' dir='ltr'><strong>bueritis,</strong></span> <span class='ocrx_word' id='word_1_264' title='bbox 573 3329 719 3393; x_wconf 90' lang='lat' dir='ltr'><strong>Romam</strong></span> <span class='ocrx_word' id='word_1_265' title='bbox 747 3329 943 3395; x_wconf 91' lang='lat' dir='ltr'><strong>formandos</strong></span> <span class='ocrx_word' id='word_1_266' title='bbox 969 3333 1121 3408; x_wconf 78' lang='lat' dir='ltr'><strong>mittatis,</strong></span> <span class='ocrx_word' id='word_1_267' title='bbox 1147 3333 1264 3397; x_wconf 88' lang='lat' dir='ltr'><strong>iisdem</strong></span> <span class='ocrx_word' id='word_1_268' title='bbox 1292 3335 1506 3414; x_wconf 90' lang='lat' dir='ltr'><strong>postmodum</strong></span> 
     </span>
    </p>

    <p class='ocr_par' dir='ltr' id='par_1_20' title="bbox 278 3435 1507 3623">
     <span class='ocr_line' id='line_1_32' title="bbox 409 3435 1447 3518; baseline 0.002 -20"><span class='ocrx_word' id='word_1_269' title='bbox 409 3457 475 3518; x_wconf 90' lang='lat' dir='ltr'><strong>qua</strong></span> <span class='ocrx_word' id='word_1_270' title='bbox 491 3436 533 3499; x_wconf 93' lang='lat' dir='ltr'><strong>ad</strong></span> <span class='ocrx_word' id='word_1_271' title='bbox 550 3435 739 3498; x_wconf 92' lang='lat' dir='ltr'><strong>docendum</strong></span> <span class='ocrx_word' id='word_1_272' title='bbox 756 3455 823 3518; x_wconf 89' lang='lat' dir='ltr'><strong>qua</strong></span> <span class='ocrx_word' id='word_1_273' title='bbox 839 3446 949 3500; x_wconf 90' lang='lat' dir='ltr'><strong>cetera</strong></span> <span class='ocrx_word' id='word_1_274' title='bbox 965 3439 1007 3501; x_wconf 91' lang='lat' dir='ltr'><strong>ad</strong></span> <span class='ocrx_word' id='word_1_275' title='bbox 1026 3438 1140 3501; x_wconf 90' lang='lat' dir='ltr'><strong>munia</strong></span> <span class='ocrx_word' id='word_1_276' title='bbox 1155 3439 1333 3502; x_wconf 92' lang='lat' dir='ltr'><strong>commode</strong></span> <span class='ocrx_word' id='word_1_277' title='bbox 1350 3439 1447 3502; x_wconf 87' lang='lat' dir='ltr'><strong>usuri.</strong></span> 
     </span>
     <span class='ocr_line' id='line_1_33' title="bbox 278 3539 1507 3623; baseline -0.002 -21"><span class='ocrx_word' id='word_1_278' title='bbox 278 3559 380 3610; x_wconf 74' lang='lat' dir='ltr'><strong>lustau·</strong></span> <span class='ocrx_word' id='word_1_279' title='bbox 453 3540 523 3602; x_wconf 88' lang='lat' dir='ltr'><strong>Vix</strong></span> <span class='ocrx_word' id='word_1_280' title='bbox 540 3539 661 3602; x_wconf 89' lang='lat' dir='ltr'><strong>attinet</strong></span> <span class='ocrx_word' id='word_1_281' title='bbox 677 3539 787 3602; x_wconf 89' lang='lat' dir='ltr'><strong>dicere</strong></span> <span class='ocrx_word' id='word_1_282' title='bbox 804 3541 846 3601; x_wconf 93' lang='lat' dir='ltr'><strong>de</strong></span> <span class='ocrx_word' id='word_1_283' title='bbox 863 3540 1102 3618; x_wconf 88' lang='lat' dir='ltr'><strong>emolumento,</strong></span> <span class='ocrx_word' id='word_1_284' title='bbox 1116 3541 1207 3623; x_wconf 91' lang='lat' dir='ltr'><strong>quod</strong></span> <span class='ocrx_word' id='word_1_285' title='bbox 1235 3542 1331 3604; x_wconf 90' lang='lat' dir='ltr'><strong>vobis</strong></span> <span class='ocrx_word' id='word_1_286' title='bbox 1358 3541 1391 3602; x_wconf 92' lang='lat' dir='ltr'><strong>in</strong></span> <span class='ocrx_word' id='word_1_287' title='bbox 1419 3557 1507 3602; x_wconf 87' lang='lat' dir='ltr'><strong>sacra</strong></span> 
     </span>
    </p>
   </div>
   <div class='ocr_carea' id='block_1_19' title="bbox 231 3625 1507 3741">
    <p class='ocr_par' dir='ltr' id='par_1_21' title="bbox 231 3625 1507 3741">
     <span class='ocr_line' id='line_1_34' title="bbox 231 3625 1507 3741; baseline -0.005 -30"><span class='ocrx_word' id='word_1_288' title='bbox 231 3625 382 3741; x_wconf 42' lang='lat' dir='ltr'><strong>&#39;affixe</strong></span> <span class='ocrx_word' id='word_1_289' title='bbox 410 3665 443 3706; x_wconf 91' lang='lat' dir='ltr'><strong>re</strong></span> <span class='ocrx_word' id='word_1_290' title='bbox 459 3642 606 3706; x_wconf 81' lang='lat' dir='ltr'><strong>familiae</strong></span> <span class='ocrx_word' id='word_1_291' title='bbox 621 3643 777 3704; x_wconf 90' lang='lat' dir='ltr'><strong>ordinum</strong></span> <span class='ocrx_word' id='word_1_292' title='bbox 806 3643 1035 3724; x_wconf 90' lang='lat' dir='ltr'><strong>religiosorum</strong></span> <span class='ocrx_word' id='word_1_293' title='bbox 1062 3654 1140 3707; x_wconf 93' lang='lat' dir='ltr'><strong>sunt</strong></span> <span class='ocrx_word' id='word_1_294' title='bbox 1167 3643 1337 3707; x_wconf 89' lang='lat' dir='ltr'><strong>allaturae.</strong></span> <span class='ocrx_word' id='word_1_295' title='bbox 1356 3643 1423 3706; x_wconf 89' lang='lat' dir='ltr'><strong>Eas</strong></span> <span class='ocrx_word' id='word_1_296' title='bbox 1440 3641 1507 3706; x_wconf 87' lang='lat' dir='ltr'><strong>Nos</strong></span> 
     </span>
    </p>
   </div>
   <div class='ocr_carea' id='block_1_20' title="bbox 249 3745 1506 3829">
    <p class='ocr_par' dir='ltr' id='par_1_22' title="bbox 249 3745 1506 3829">
     <span class='ocr_line' id='line_1_35' title="bbox 249 3745 1506 3829; baseline 0.001 -25"><span class='ocrx_word' id='word_1_297' title='bbox 249 3755 332 3804; x_wconf 76' lang='lat' dir='ltr'><strong>studio</strong></span> <span class='ocrx_word' id='word_1_298' title='bbox 344 3759 381 3805; x_wconf 78' lang='lat' dir='ltr'><strong>de·</strong></span> <span class='ocrx_word' id='word_1_299' title='bbox 410 3768 453 3809; x_wconf 88' lang='lat' dir='ltr'><strong>ex</strong></span> <span class='ocrx_word' id='word_1_300' title='bbox 471 3747 681 3829; x_wconf 89' lang='lat' dir='ltr'><strong>providentia</strong></span> <span class='ocrx_word' id='word_1_301' title='bbox 697 3745 897 3826; x_wconf 91' lang='lat' dir='ltr'><strong>Apostolica</strong></span> <span class='ocrx_word' id='word_1_302' title='bbox 915 3747 977 3810; x_wconf 90' lang='lat' dir='ltr'><strong>rati</strong></span> <span class='ocrx_word' id='word_1_303' title='bbox 994 3767 1109 3812; x_wconf 91' lang='lat' dir='ltr'><strong>sumus</strong></span> <span class='ocrx_word' id='word_1_304' title='bbox 1124 3747 1168 3810; x_wconf 89' lang='lat' dir='ltr'><strong>ab</strong></span> <span class='ocrx_word' id='word_1_305' title='bbox 1193 3747 1330 3810; x_wconf 87' lang='lat' dir='ltr'><strong>iacturis</strong></span> <span class='ocrx_word' id='word_1_306' title='bbox 1356 3745 1506 3828; x_wconf 89' lang='lat' dir='ltr'><strong>praeteri-</strong></span> 
     </span>
    </p>
   </div>
   <div class='ocr_carea' id='block_1_21' title="bbox 230 3821 1504 3999">
    <p class='ocr_par' dir='ltr' id='par_1_23' title="bbox 230 3821 1504 3999">
     <span class='ocr_line' id='line_1_36' title="bbox 230 3821 1453 3870; baseline -0.012 -2"><span class='ocrx_word' id='word_1_307' title='bbox 230 3821 382 3870; x_wconf 76' lang='lat' dir='ltr'><strong>erevr&#39;tPon·</strong></span> <span class='ocrx_word' id='word_1_308' title='bbox 745 3851 752 3864; x_wconf 88' lang='lat'><strong>.</strong></span> <span class='ocrx_word' id='word_1_309' title='bbox 845 3853 852 3865; x_wconf 92' lang='lat'><em>.</em></span> <span class='ocrx_word' id='word_1_310' title='bbox 889 3853 896 3865; x_wconf 93' lang='lat'><em>.</em></span> <span class='ocrx_word' id='word_1_311' title='bbox 1007 3853 1015 3866; x_wconf 85' lang='lat'>.</span> <span class='ocrx_word' id='word_1_312' title='bbox 1076 3854 1083 3868; x_wconf 84' lang='grc'>,</span> <span class='ocrx_word' id='word_1_313' title='bbox 1191 3859 1197 3868; x_wconf 73' lang='grc'><strong>,</strong></span> <span class='ocrx_word' id='word_1_314' title='bbox 1445 3851 1453 3864; x_wconf 75' lang='grc'><strong>,</strong></span> 
     </span>
     <span class='ocr_line' id='line_1_37' title="bbox 230 3851 1504 3999; baseline -0.004 -83"><span class='ocrx_word' id='word_1_315' title='bbox 230 3885 383 3999; x_wconf 46' lang='lat' dir='ltr'><strong>symm„</strong></span> <span class='ocrx_word' id='word_1_316' title='bbox 410 3862 519 3913; x_wconf 92' lang='lat' dir='ltr'><strong>torum</strong></span> <span class='ocrx_word' id='word_1_317' title='bbox 537 3861 726 3932; x_wconf 93' lang='lat' dir='ltr'><strong>temporum</strong></span> <span class='ocrx_word' id='word_1_318' title='bbox 744 3869 776 3912; x_wconf 92' lang='lat' dir='ltr'><strong>in</strong></span> <span class='ocrx_word' id='word_1_319' title='bbox 803 3863 977 3932; x_wconf 80' lang='lat' dir='ltr'><strong>pristinam</strong></span> <span class='ocrx_word' id='word_1_320' title='bbox 1006 3861 1234 3916; x_wconf 89' lang='lat' dir='ltr'><strong>institutorum</strong></span> <span class='ocrx_word' id='word_1_321' title='bbox 1263 3851 1504 3916; x_wconf 78' lang='lat' dir='ltr'><strong>observantiam</strong></span> 
     </span>
    </p>
   </div>
   <div class='ocr_carea' id='block_1_22' title="bbox 249 3951 1507 4078">
    <p class='ocr_par' dir='ltr' id='par_1_24' title="bbox 249 3951 1507 4078">
     <span class='ocr_line' id='line_1_38' title="bbox 249 3951 1507 4078; baseline 0.001 -63"><span class='ocrx_word' id='word_1_322' title='bbox 249 3951 383 4078; x_wconf 50' lang='lat' dir='ltr'><strong>QZ„</strong></span> <span class='ocrx_word' id='word_1_323' title='bbox 411 3955 605 4019; x_wconf 89' lang='lat' dir='ltr'><strong>restituere:</strong></span> <span class='ocrx_word' id='word_1_324' title='bbox 629 3955 719 4036; x_wconf 92' lang='lat' dir='ltr'><strong>quod</strong></span> <span class='ocrx_word' id='word_1_325' title='bbox 746 3963 817 4017; x_wconf 90' lang='lat' dir='ltr'><strong>ute</strong></span> <span class='ocrx_word' id='word_1_326' title='bbox 838 3957 1004 4019; x_wconf 88' lang='lat' dir='ltr'><strong>sententia</strong></span> <span class='ocrx_word' id='word_1_327' title='bbox 1029 3957 1162 4022; x_wconf 86' lang='lat' dir='ltr'><strong>cederet</strong></span> <span class='ocrx_word' id='word_1_328' title='bbox 1190 3953 1319 4033; x_wconf 90' lang='lat' dir='ltr'><strong>melius,</strong></span> <span class='ocrx_word' id='word_1_329' title='bbox 1336 3969 1379 4019; x_wconf 87' lang='lat'><strong>111</strong></span> <span class='ocrx_word' id='word_1_330' title='bbox 1407 3973 1507 4018; x_wconf 84' lang='lat' dir='ltr'><strong>nonas</strong></span> 
     </span>
    </p>
   </div>
   <div class='ocr_carea' id='block_1_23' title="bbox 231 4058 1503 4142">
    <p class='ocr_par' dir='ltr' id='par_1_25' title="bbox 231 4058 1503 4142">
     <span class='ocr_line' id='line_1_39' title="bbox 231 4058 1503 4142; baseline -0.003 -18"><span class='ocrx_word' id='word_1_331' title='bbox 231 4083 384 4132; x_wconf 63' lang='lat' dir='ltr'><strong>meteremus</strong></span> <span class='ocrx_word' id='word_1_332' title='bbox 411 4058 619 4140; x_wconf 83' lang='lat' dir='ltr'><strong>Septembris</strong></span> <span class='ocrx_word' id='word_1_333' title='bbox 636 4077 724 4121; x_wconf 85' lang='lat' dir='ltr'><strong>anno</strong></span> <span class='ocrx_word' id='word_1_334' title='bbox 742 4070 915 4122; x_wconf 80' lang='lat' dir='ltr'><strong>iincccxc</strong></span> <span class='ocrx_word' id='word_1_335' title='bbox 933 4059 1180 4142; x_wconf 91' lang='lat' dir='ltr'><strong>Religiosorum</strong></span> <span class='ocrx_word' id='word_1_336' title='bbox 1197 4059 1434 4141; x_wconf 90' lang='lat' dir='ltr'><strong>indigenorum</strong></span> <span class='ocrx_word' id='word_1_337' title='bbox 1449 4059 1503 4122; x_wconf 91' lang='lat' dir='ltr'><strong>do·</strong></span> 
     </span>
    </p>
   </div>
   <div class='ocr_carea' id='block_1_24' title="bbox 238 4149 1505 4262">
    <p class='ocr_par' dir='ltr' id='par_1_26' title="bbox 238 4149 1505 4262">
     <span class='ocr_line' id='line_1_40' title="bbox 238 4149 1505 4262; baseline -0.007 -31"><span class='ocrx_word' id='word_1_338' title='bbox 238 4149 385 4262; x_wconf 51' lang='lat' dir='ltr'><strong>affle&#39;s&#39;s‘ffi</strong></span> <span class='ocrx_word' id='word_1_339' title='bbox 411 4182 484 4224; x_wconf 92' lang='lat' dir='ltr'><strong>mus</strong></span> <span class='ocrx_word' id='word_1_340' title='bbox 501 4170 538 4222; x_wconf 91' lang='lat' dir='ltr'><strong>ut</strong></span> <span class='ocrx_word' id='word_1_341' title='bbox 556 4159 801 4241; x_wconf 90' lang='lat' dir='ltr'><strong>Episcoporum</strong></span> <span class='ocrx_word' id='word_1_342' title='bbox 819 4163 1010 4226; x_wconf 88' lang='lat' dir='ltr'><strong>auctoritati</strong></span> <span class='ocrx_word' id='word_1_343' title='bbox 1036 4163 1213 4228; x_wconf 90' lang='lat' dir='ltr'><strong>subessent</strong></span> <span class='ocrx_word' id='word_1_344' title='bbox 1236 4161 1454 4226; x_wconf 83' lang='lat' dir='ltr'><strong>decrevimus</strong></span> <span class='ocrx_word' id='word_1_345' title='bbox 1469 4195 1505 4206; x_wconf 81' lang='lat'>-</span> 
     </span>
    </p>
   </div>
   <div class='ocr_carea' id='block_1_25' title="bbox 253 4263 1505 4348">
    <p class='ocr_par' dir='ltr' id='par_1_27' title="bbox 253 4263 1505 4348">
     <span class='ocr_line' id='line_1_41' title="bbox 253 4263 1505 4348; baseline -0.002 -22"><span class='ocrx_word' id='word_1_346' title='bbox 253 4277 382 4342; x_wconf 74' lang='lat' dir='ltr'><strong>Episcopo·</strong></span> <span class='ocrx_word' id='word_1_347' title='bbox 414 4265 450 4327; x_wconf 93' lang='lat' dir='ltr'><strong>ln</strong></span> <span class='ocrx_word' id='word_1_348' title='bbox 468 4285 502 4326; x_wconf 92' lang='lat' dir='ltr'><strong>re</strong></span> <span class='ocrx_word' id='word_1_349' title='bbox 519 4264 620 4344; x_wconf 91' lang='lat' dir='ltr'><strong>igitur</strong></span> <span class='ocrx_word' id='word_1_350' title='bbox 635 4273 704 4325; x_wconf 91' lang='lat' dir='ltr'><strong>tam</strong></span> <span class='ocrx_word' id='word_1_351' title='bbox 723 4263 794 4326; x_wconf 91' lang='lat' dir='ltr'><strong>utili</strong></span> <span class='ocrx_word' id='word_1_352' title='bbox 812 4283 850 4326; x_wconf 88' lang='lat' dir='ltr'><strong>ac</strong></span> <span class='ocrx_word' id='word_1_353' title='bbox 867 4267 1050 4346; x_wconf 86' lang='lat' dir='ltr'><strong>praestanti</strong></span> <span class='ocrx_word' id='word_1_354' title='bbox 1077 4276 1188 4348; x_wconf 89' lang='lat' dir='ltr'><strong>partes</strong></span> <span class='ocrx_word' id='word_1_355' title='bbox 1216 4275 1345 4330; x_wconf 88' lang='lat' dir='ltr'><strong>vestras</strong></span> <span class='ocrx_word' id='word_1_356' title='bbox 1374 4265 1505 4329; x_wconf 87' lang='lat' dir='ltr'><strong>minime</strong></span> 
     </span>
    </p>
   </div>
   <div class='ocr_carea' id='block_1_26' title="bbox 0 0 1616 4880">
    <p class='ocr_par' dir='ltr' id='par_1_28' title="bbox 0 0 1616 4880">
     <span class='ocr_line' id='line_1_42' title="bbox 0 0 1616 4880; baseline 0 0"><span class='ocrx_word' id='word_1_357' title='bbox 0 0 1616 4880; x_wconf 95' lang='lat' dir='ltr'><strong> </strong></span> 
     </span>
    </p>
   </div>
  </div>
 </body>
</html>
