3216 4880
396 289 446 338 Du
474 289 638 340 ROSARIO
665 291 837 342 MARIALI.
1102 291 1172 360 293

75 391 179 400 ο-ι--ο-

70 463 126 517 est.
144 453 310 533 Ceterum,
331 464 505 537 praesente
532 457 605 538 ipsa
630 465 664 520 et
691 465 875 538 spectante,
906 455 1059 520 divinum
1091 453 1173 518 iliud
1232 449 1322 551 Sssssr'

69 557 267 623 sacrificium
281 569 352 623 erat
367 558 624 637 conficiendum,
639 560 693 622 eui
710 559 881 624 victimam
901 560 944 624 de
960 580 996 624 se
1011 578 1174 642 generosa
1237 563 1314 626 1894··

69 658 193 724 aluerat
213 683 221 741 ;
236 662 326 746 quod
342 664 377 726 in
394 664 521 728 eisdem
539 663 706 745 mysteriis
731 672 938 751 postremum
963 662 1173 746 flebiliusque

67 763 277 830 obversatur:
291 765 402 832 stabat
425 767 519 831 iuxta
545 765 678 833 Crucem
699 766 786 829 Iesu
809 766 931 830 Maria
956 765 1074 830 Mater
1095 765 1173 840 eius,

67 889 152 951 quae
173 880 265 934 tacta
291 872 325 934 in
357 891 417 936 nos
437 871 581 936 caritate
606 869 770 934 immensa
798 879 835 934 ut
865 871 1048 952 susciperet
1078 867 1174 946 filios,
1219 937 1220 942 γ

69 974 189 1041 Filium
221 975 294 1058 ipsa
321 993 428 1062 suum,
444 974 533 1042 ultro
559 974 682 1040 obtulit
709 975 858 1039 iustitiae
879 975 1023 1051 divinae,
1038 993 1114 1038 cum
1132 992 1173 1037 eo

67 1082 288 1144 commoriens
304 1083 413 1160 corde,
427 1063 553 1146 doloris
569 1081 683 1164 gladio
699 1079 872 1145 transfixa.
885 1117 928 1130 -·
942 1080 981 1143 In
1006 1077 1172 1162 mysteriis
1199 1137 1273 1196 mus

67 1184 208 1266 denique
224 1197 390 1250 GLORIAE
404 1205 491 1269 quae
524 1195 782 1268 consequuntur,
796 1184 886 1248 idern
904 1202 1047 1266 magnae
1062 1181 1172 1264 Virgi·
1198 1195 1310 1247 Gloriae.
1327 1261 1329 1264 Ι

66 1290 118 1352 nis
141 1288 418 1372 benignissimum
447 1309 567 1354 munus
603 1288 829 1368 confirmatur,
865 1309 901 1354 re
926 1289 999 1371 ipsa
1030 1288 1171 1352 uberius.

67 1391 215 1458 Gloriam
233 1393 310 1458 Filii
326 1395 369 1460 de
393 1405 501 1460 morte
517 1394 757 1478 triumphantis
784 1395 817 1458 in
843 1393 947 1458 tacita
962 1392 1089 1456 delibat
1106 1391 1171 1454 lae·

66 1496 164 1560 titia:
185 1498 281 1562 sedes
311 1507 426 1564 autem
457 1521 595 1583 superas
628 1507 837 1582 repetentem
865 1506 1018 1562 materno
1049 1493 1172 1559 affectu

66 1603 350 1684 prosequitur3at,
366 1603 459 1668 caelo
479 1605 592 1687 digna,
618 1604 788 1669 detinetur
811 1601 844 1665 in
868 1601 974 1678 terris,
989 1601 1172 1664 exorientis

67 1706 236 1772 Ecclesiae
248 1709 390 1773 solatrix
405 1705 535 1793 optima
547 1721 581 1775 et
598 1709 766 1792 magistra,
781 1728 863 1790 quae
870 1706 1172 1790 profundissimam
1214 1783 1219 1793 l

64 1809 198 1873 diuinae
221 1811 407 1893 sapientiae,
423 1812 627 1895 ultraquam
643 1811 733 1876 credi
746 1810 864 1887 ualeat,
879 1810 1071 1893 penetravit
1081 1809 1172 1890 abys-

64 1935 137 1976 sum
148 1916 197 1998 (¹).
214 1914 384 1999 Quoniam
400 1937 479 1983 vero
491 1918 659 1982 humanae
669 1916 909 1999 redemptionis
922 1925 1170 1978 sacramentum

64 2037 132 2080 non
149 2028 227 2082 ante
244 2007 428 2102 perlectum
445 2021 507 2086 erit
523 2041 625 2104 quam
642 2019 827 2104 promissus
857 2039 877 2082 a
905 2017 1040 2084 Christo
1065 2016 1170 2100 Spirl·

66 2133 120 2185 tus
138 2121 282 2188 Sanctus
297 2122 478 2202 advenerit,
494 2124 602 2207 ipsam
618 2124 742 2188 idcirco
772 2125 806 2186 in
834 2123 973 2188 memori
1000 2121 1171 2188 Cenaculo

63 2225 402 2309 contemplamur,ubi
415 2227 514 2293 simul
525 2248 601 2292 cum
613 2227 790 2311 Apostolis
802 2247 863 2312 pro
875 2228 989 2310 eisque
995 2226 1171 2308 postulans
1269 2225 1273 2236 '

64 2330 277 2394 inenarrabili
326 2332 467 2413 gemitu,
515 2332 665 2408 eiusdem
705 2332 861 2396 Paracliti
908 2329 1168 2414 amplitudinem

64 2443 211 2498 maturat
228 2419 410 2513 Ecclesiae,
432 2453 627 2517 supremum
656 2434 781 2502 Christi
812 2437 949 2512 donum,
973 2435 1168 2498 thesaurum

61 2535 154 2599 nullo
191 2546 344 2621 tempore
382 2537 599 2604 deiecturum.
632 2539 700 2606 Sed
732 2540 905 2605 cumulato
940 2548 1169 2624 perpetuoque

60 2659 198 2704 munere
207 2661 367 2707 caussam
393 2653 542 2722 nostram
559 2652 741 2709 exoratura
757 2653 817 2721 est,
833 2644 876 2707 ad
904 2645 1074 2706 saeculum
1107 2643 1168 2708 im·

60 2745 203 2809 mortale
219 2764 404 2829 progressa.
420 2745 558 2814 Scilicet
580 2767 625 2810 ex
641 2745 817 2813 lacrimosa
844 2748 936 2812 valle'
946 2749 978 2811 in
995 2749 1170 2812 civitatem

58 2859 212 2914 sanctam
231 2849 411 2915 Ierusalem
428 2860 579 2914 evectam
607 2851 817 2934 suspicimus,
832 2853 942 2916 choris
957 2852 1167 2916 circumfusis

57 2953 239 3037 angelicis:
254 2953 463 3038 colimusque
487 2955 519 3019 in
538 2953 739 3020 Sanctorum
755 2955 861 3038 gloria
877 2955 1066 3032 sublimem,
1082 2975 1168 3038 quae

55 3059 205 3124 stellanti
225 3057 418 3150 diademate
433 3079 453 3122 a
469 3059 556 3122 Filio
580 3059 657 3124 Deo
683 3069 792 3136 aucta,
815 3060 905 3142 apud
937 3059 1048 3141 ipsum
1072 3061 1168 3124 sedet

55 3165 173 3246 regina
185 3171 219 3226 et
234 3161 373 3226 domina
388 3162 628 3228 universorum.
638 3200 682 3213 -
699 3162 795 3228 Haec
811 3163 935 3240 omnia,
946 3161 1167 3227 Venerabiles

55 3268 241 3342 Fratres,in
253 3267 374 3350 quibus
385 3265 631 3331 consiliumDei
639 3265 971 3350 proditur,censilium
982 3266 1168 3349 sapientiae,

52 3370 229 3436 consilium
250 3371 384 3452 pietatis
393 3371 446 3455 (2),
466 3371 633 3455 simulque
663 3392 724 3456 per
754 3391 879 3454 magna
910 3373 943 3435 in
969 3391 1031 3434 nos
1048 3373 1167 3436 merita

51 3475 206 3558 Virginis
242 3474 362 3539 Matris
389 3474 530 3551 elucent,
561 3474 731 3540 neminem
762 3475 899 3559 quidem
929 3483 1071 3557 possunt
1098 3493 1166 3539 non

49 3579 200 3644 iucunde
211 3578 351 3654 afficere,
366 3588 457 3644 certa
473 3599 533 3660 spe
549 3579 671 3643 iniecta
687 3579 821 3644 divinae
836 3579 1037 3644 clementiae
1053 3587 1088 3642 et
1104 3579 1164 3642 mi-

48 3683 232 3750 serationis
255 3681 453 3747 administra
466 3681 575 3744 Maria
595 3684 859 3765 consequendae.
1058 3749 1060 3756 ,

98 3788 231 3852 Eodem
255 3795 396 3868 spectat,
419 3796 499 3869 apte
517 3785 698 3852 concinens
721 3807 797 3852 curn
824 3787 999 3870 mysteriis,
1017 3789 1166 3869 precatio
1256 3807 1342 3858 Preces

47 3893 189 3958 vocalis.
219 3890 417 3968 Antecedit,
445 3899 483 3955 ut
512 3909 657 3972 aequum
688 3899 753 3966 est,
782 3889 953 3955 dominica
980 3891 1089 3954 oratio
1120 3890 1164 3954 ad
1190 3887 1325 3923 vemvoca·

1191 3939 1225 3988 les
1234 3953 1260 3987 eo
1270 3939 1320 3988 dis·

48 4001 190 4063 Patrem
213 3995 393 4060 caelestem
412 4017 419 4060 :
435 4013 503 4077 quo
529 3993 664 4057 eximiis
685 3991 971 4076 postulationibus
998 3993 1166 4076 invocato,
1187 4009 1323 4068 emuntur

45 4123 67 4166 a
86 4099 177 4164 solio
192 4097 380 4162 maiestatis
392 4097 463 4162 eius
479 4117 547 4161 vox
558 4096 705 4180 supplex
721 4098 926 4162 convertitur
942 4096 985 4160 ad
1004 4097 1167 4174 Mariam
1192 4069 1287 4120 ''m‘'

81 4264 102 4296 1.
122 4249 147 4296 S
162 4247 306 4300 &maedus
316 4249 351 4293 De
361 4257 401 4293 xil
405 4247 586 4308 praerogativis
595 4247 623 4293 B.
642 4246 678 4294 M.
703 4245 742 4300 V..
752 4260 775 4294 n.
794 4261 817 4308 3.

63 4333 99 4366 ,2.
120 4319 146 4365 S.
162 4317 307 4368 Bemerdus
320 4317 398 4362 Serm,
412 4315 538 4361 inNatiu.
551 4315 579 4362 B.
597 4315 635 4363 Μ.
653 4315 691 4368 V„
708 4329 732 4363 n.
750 4317 773 4362 ⁶.
