3216 4880
424 293 495 363 268
669 309 851 366 semrom
880 296 900 326 “
918 309 1023 359 nure
1050 309 1241 362 vssruuu.
1264 287 1282 313 ²⁸

422 483 526 545 usque
542 464 715 528 clariorem
732 463 859 542 afferat,
876 483 997 527 munus
1021 472 1073 526 est
1091 464 1182 545 quod
1200 463 1375 545 proprium
1392 461 1476 525 colat
1488 470 1514 524 et

420 565 550 632 efficiat.
568 567 640 632 lam
668 568 751 632 haec
779 575 948 651 praestare
972 567 1126 630 universa
1157 565 1321 630 Nostrum
1338 567 1453 649 utique
1467 575 1516 638 est,

420 671 540 754 quibus
566 673 795 754 magisterium
821 691 990 734 summum
1018 671 1051 734 in
1084 669 1245 749 Ecclesia,
1266 689 1428 734 concessu
1455 667 1515 744 Dei,

420 775 662 839 demandatum
678 785 712 838 et
729 778 762 838 in
779 775 880 840 beato
896 775 1065 858 Apostolo
1082 775 1182 838 Petro
1198 776 1342 838 dictum:
1362 773 1429 839 Con
1454 793 1516 834 rma

411 879 544 958 fratres
559 888 655 942 tuos:
670 878 746 943 freti
767 888 880 944 autem
909 878 1024 942 divino
1050 879 1187 942 numine
1217 877 1457 960 praestitimus,
1485 895 1516 938 ac

262 991 395 1056 quodqui-
422 1001 519 1062 porro
542 982 795 1084 praestabimus,
811 983 969 1046 donicum
986 984 1075 1048 vitae
1099 1003 1232 1046 usuram
1259 983 1354 1045 Deus
1380 983 1517 1062 optimus

245 1057 397 1185 ‘³2¹¹,Z'i‘9'uag
422 1085 657 1168 maximusque
674 1088 844 1151 concedet.
864 1085 942 1150 Hoc
958 1097 1072 1150 tamen
1096 1107 1155 1150 vos
1182 1107 1347 1150 memores
1363 1087 1518 1161 volumus,

243 1187 395 1314 affim-
422 1209 463 1250 ne
480 1207 603 1270 magna
627 1191 698 1253 Nos
715 1192 903 1273 amplorum
932 1193 1099 1255 fructuum
1127 1211 1186 1274 spe
1217 1191 1445 1266 deturbemur‚
1471 1192 1518 1272 qui

385 1289 393 1312 ‚

251 1319 394 1380 conspiran-
421 1308 496 1356 sunt
521 1313 566 1354 ex
595 1295 808 1358 documentis
836 1282 973 1360 ‘Nostris
1004 1307 1037 1358 et
1064 1294 1320 1371 hortationibus,
1347 1294 1519 1375 Episcopis

243 1383 394 1510 ffio‘pff‘sm
422 1415 488 1458 una
503 1416 576 1458 esse
605 1395 789 1462 Nobiscum
818 1399 1092 1476 adlaborandum,
1108 1419 1176 1481 quo
1193 1397 1308 1486 fideles
1331 1398 1477 1460 universi
1493 1407 1520 1459 et

422 1499 592 1563 Pontificis
606 1521 722 1564 vocem
739 1502 977 1579 exaudiant,et
993 1521 1080 1585 quae
1097 1502 1273 1566 iubeantur
1289 1504 1412 1578 norint,
1428 1513 1522 1584 atque

419 1622 521 1684 opere
536 1605 675 1688 implere
699 1588 837 1670 nervdse
852 1608 1067 1672 contendant.
1086 1607 1125 1670 ld
1153 1605 1235 1683 Nos,
1259 1606 1390 1670 caelum
1423 1608 1522 1688 suspi-

420 1707 554 1784 cientes,
578 1709 680 1772 enixa
710 1731 807 1792 prece
838 1710 1057 1793 imploramus
1073 1731 1081 1788 ;
1096 1709 1129 1773 id
1146 1710 1238 1791 quod
1255 1709 1399 1773 antehac
1424 1709 1522 1791 perle-

419 1813 538 1890 ceritis,
555 1813 690 1878 meritas
710 1813 909 1878 adhibemus
937 1815 1075 1895 laudes;
1096 1824 1131 1878 ut
1163 1815 1195 1877 in
1228 1824 1400 1895 posterum
1434 1811 1521 1896 perli-

419 1917 523 1995 ciatiS,
532 1917 704 1982 hortamur
717 1921 873 2003 maxime.

286 2049 326 2095 De
336 2049 392 2096 ado·
463 2021 514 2084 Ea
531 2023 625 2100 inter,
641 2043 728 2104 quae
744 2025 776 2087 in
794 2025 963 2106 superiore
986 2023 1222 2106 congressione
1249 2031 1360 2084 vestra
1383 2023 1522 2086 sollicite

250 2112 394 2227 “lffl'ssj
419 2127 580 2206 agitastis,
592 2127 683 2206 illud,
699 2129 821 2192 dilecte
838 2128 884 2191 fili
901 2129 1034 2206 Noster,
1051 2147 1111 2190 nec
1123 2126 1286 2188 omissum
1303 2125 1439 2206 penitus
1468 2147 1521 2188 nec

281 2245 394 2317 ‘publicis
420 2231 452 2292 in
470 2233 647 2312 postremis
663 2233 815 2296 habitum
833 2244 1000 2314 putamus,
1015 2233 1105 2314 quod
1123 2231 1166 2295 ad
1182 2229 1313 2292 animos
1331 2230 1520 2293 adolescen-

258 2311 393 2422 ⁷⁸lffffij
420 2335 503 2396 tium
521 2343 650 2417 spectat
662 2337 694 2397 in
708 2335 850 2417 publicis
862 2336 994 2412 scholis,
1011 2344 1048 2398 ut
1060 2335 1242 2398 catholicos
1255 2334 1362 2410 decet,
1373 2335 1520 2396 erudien-

263 2439 395 2566 sollgf'm
420 2438 491 2501 dos.
508 2437 624 2502 Nostis
640 2440 810 2502 enimvero
833 2449 960 2523 quanta
991 2440 1064 2503 Nos
1094 2439 1234 2501 caritate
1261 2445 1409 2500 aetatem
1434 2437 1519 2498 illam

276 2569 395 2630 Panope
419 2542 894 2626 complectamur‚quantoque
910 2541 1093 2607 afficiamur
1104 2553 1176 2607 tum
1189 2541 1305 2604 dolore
1314 2538 1361 2602 ob
1373 2541 1520 2602 assiduas

242 2633 395 2749 ‘bizim‘
420 2645 541 2730 quibus
558 2658 694 2727 urgetur
719 2647 866 2725 insidias
881 2658 953 2710 tum
981 2645 1146 2710 desiderio
1171 2657 1207 2710 ut
1230 2647 1273 2709 ab
1289 2644 1420 2708 insidiis
1436 2645 1520 2706 inco-

243 2777 302 2810 rum
315 2765 392 2812 mode-
420 2750 518 2813 lumis
534 2752 742 2830 expediatur.
760 2752 837 2835 Qua
859 2772 958 2834 super
974 2773 1008 2815 re
1028 2754 1213 2816 maximam
1229 2751 1381 2833 cepimus
1409 2751 1519 2831 volup·

258 2837 394 2944 {⁰:222}
420 2863 524 2917 tatem
541 2853 583 2917 de
600 2855 648 2931 iis,
665 2875 866 2937 quaenuper
881 2856 1028 2919 edixisse
1045 2857 1207 2929 novimus,
1220 2855 1276 2935 qui
1288 2853 1392 2917 modo
1405 2855 1519 2918 studiis

242 2959 329 3036 edicta.
419 2979 521 3042 penes
537 2958 727 3022 cisleitanos
754 2961 896 3042 populos
920 2961 1134 3023 'moderandis
1158 2967 1297 3040 praeest.
1321 2957 1416 3020 Nihil
1444 2977 1518 3020 sane

275 3027 394 3154 ι-Ιὲᾏιζῖῑ
418 3063 563 3125 deterius
595 3065 706 3145 reique
738 3065 891 3146 publicae
917 3063 1091 3128 nocentius
1122 3081 1221 3144 quam
1255 3072 1291 3126 ut
1322 3065 1439 3145 opinio
1470 3065 1519 3140 sit,

257 3155 393 3271 ξιᾞζζὲ
419 3165 548 3226 civilem
563 3165 648 3228 inter
658 3169 892 3232 auctoritatem
904 3177 937 3232 et
950 3167 1135 3230 Ecclesiam
1147 3166 1334 3232 necessario
1347 3167 1518 3230 dissidium

241 3293 391 3336 esseconren.
418 3289 499 3332 esse.
516 3268 603 3334 Sunt
619 3273 753 3352 quidem
781 3273 912 3353 utrique
929 3271 1019 3349 lines,
1042 3289 1127 3352 quos
1154 3272 1381 3352 praetergredi
1411 3271 1518 3348 nelas;

252 3349 393 3466 diffitihihh
418 3379 568 3431 terrenae
589 3369 769 3453 fluxaeque
796 3371 963 3435 felicitatis
990 3371 1095 3446 alteri,
1125 3369 1220 3433 alteri
1247 3371 1437 3435 animorum
1464 3391 1518 3434 nec

257 3485 390 3562 auctorite·
419 3491 565 3554 unquam
583 3475 758 3538 desiturae.
775 3475 823 3538 At
843 3477 943 3552 enim,
958 3496 1034 3540 cum
1051 3475 1237 3556 praesentis
1253 3476 1415 3556 temporis
1432 3495 1519 3558 pros·

240 3550 391 3673 ,fjs'ss‘assff‘
419 3577 541 3657 peritas
572 3579 699 3642 iustitia
722 3581 871 3642 maxime
888 3591 920 3643 et
948 3581 1124 3643 honestate
1141 3597 1271 3641 morum
1299 3578 1435 3654 nitatur,
1449 3586 1519 3660 eget

417 3675 522 3737 civilis
553 3687 703 3757 potestas
729 3679 772 3743 ab
800 3679 960 3762 religione
990 3683 1104 3760 iuvari,
1134 3684 1228 3744 cuius
1258 3691 1309 3746 est
1337 3695 1520 3765 temperare

418 3781 549 3841 animos
570 3783 662 3844 etad
679 3803 814 3846 omnem
842 3785 998 3847 virtutem
1026 3783 1202 3862 excolere;
1223 3783 1369 3847 vicissim
1399 3783 1520 3864 religio.

417 3888 453 3939 ut
469 3897 554 3959 quae
582 3899 648 3942 non
676 3883 748 3944 unis
776 3883 895 3946 animis
926 3887 1076 3966 imperet,
1106 3890 1164 3950 sed
1195 3887 1389 3952 hominibus
1419 3891 1521 3970 iisque

417 3983 613 4046 societatem
625 3985 711 4048 inter
726 4007 762 4049 se
778 3989 985 4068 coeuntibus,
1000 3992 1043 4054 ab
1059 3991 1147 4082 civili
1172 3993 1334 4075 regimine
1358 3995 1467 4057 amice
1487 4003 1520 4054 ut

290 4105 392 4172 ,xmp
417 4083 633 4150 subveniatur
648 4090 806 4170 postulat.
825 4092 916 4156 Hinc
933 4093 1068 4158 Statum
1086 4106 1119 4160 et
1136 4097 1324 4160 Ecclesiam
1349 4098 1393 4161 ab
1417 4098 1519 4161 altero

257 4181 391 4239 ueramque
417 4193 623 4270 separandos
639 4196 852 4260 contenditur
867 4218 1040 4280 perperam
1050 4224 1057 4281 ;
1068 4201 1126 4263 sed
1143 4199 1217 4264 illos
1235 4211 1354 4266 mutuo
1363 4199 1517 4282 coniungi

240 4246 326 4287 mutuo
352 4241 391 4288 de·

239 4304 392 4369 loripede-a
418 4289 551 4358 foedere
567 4317 701 4362 necesse
718 4309 779 4364 est.
796 4299 897 4382 Quod
914 4303 1050 4384 quidem
1067 4303 1094 4366 si
1111 4305 1144 4367 in
1158 4304 1285 4380 ceteris¹
1297 4314 1334 4368 at
1358 4306 1392 4368 in
1410 4308 1517 4369 iuven-
