3296 4886
275 297 327 348 DE
353 297 572 352 ERECTlONE
598 300 834 354 utoucuswu
861 303 904 354 IN
932 299 1119 353 BRASILIA.
1198 281 1246 372 65

134 449 247 514 forma
256 449 290 512 in
304 449 368 513 illis
381 451 506 517 tradita
515 453 692 518 observata
703 453 816 520 inserti
827 453 946 530 torent,
955 453 1080 518 eisdem
1093 472 1248 536 praeseu-

135 551 230 618 tibus
242 572 305 637 pro
321 554 419 636 plene
435 565 468 620 et
494 553 697 622 sufficienter
712 559 881 641 expressis
897 557 1070 636 habentes,
1085 557 1151 622 illis
1165 557 1249 624 alias

134 658 169 722 in
186 677 251 722 suo
263 658 382 723 robore
394 663 632 746 permansuris,
645 662 807 726 latissime
822 672 856 726 et
868 662 1061 744 plenissime
1073 682 1112 726 ac
1122 663 1250 748 specia-

135 759 212 824 liter
227 769 262 825 et
274 783 435 845 expresse
447 765 490 828 ad
508 763 666 830 effectum
684 765 910 847 praesentium
928 774 962 830 et
977 763 1162 828 validitatis
1177 785 1250 829 om·

136 864 231 928 nium
249 877 283 930 et
299 867 508 951 singulorum
526 869 801 952 praemissorum,
816 889 876 952 pro
892 869 956 934 hac
972 869 1044 932 vice
1060 871 1252 952 dumtaxat,

137 966 248 1046 Motu,
259 971 409 1051 scientia,
417 981 452 1038 et
467 975 647 1057 potestatis
657 974 867 1057 plenitudine
882 973 1018 1058 paribus
1034 973 1152 1040 harum
1168 995 1251 1058 quo·

136 1091 203 1154 que
227 1075 312 1138 serie
327 1077 541 1160 derogamus,
566 1079 754 1160 ceterisque
775 1077 950 1144 contrariis
976 1078 1252 1160 quibuscumque.

1282 470 1417 558 Aplllzrs

1313 570 1387 634 1892.

135 1175 307 1243 Volumus
334 1192 448 1247 autem
479 1185 571 1266 quod
597 1184 687 1248 idem
717 1183 948 1267 Hieronymus
969 1181 1281 1266 Archiepiscopus,

135 1283 369 1349 authenticum
382 1287 559 1370 exemplar
568 1289 778 1353 decretorum
791 1297 825 1352 et
838 1297 989 1352 actorum
1001 1287 1153 1350 omnium
1165 1305 1252 1369 quae

136 1385 171 1449 in
189 1385 277 1450 hanc
294 1408 364 1453 rem
380 1391 471 1454 edita
487 1389 620 1468 luerint,
640 1391 683 1454 ad
707 1401 927 1456 memoratam
945 1389 1251 1472 congregationem

139 1487 397 1556 Venerabilium
415 1492 571 1558 Fratrum
586 1493 788 1558 Nostrorum
804 1494 954 1558 eiusdem
972 1493 1006 1559 S.
1022 1493 1065 1560 R.
1081 1492 1119 1560 E.
1136 1491 1251 1560 Cardi-

138 1591 267 1656 nalium
304 1595 404 1659 rebus
434 1596 732 1664 consistorialibus
763 1597 989 1680 praepositam
1024 1597 1252 1662 transmittere

137 1705 305 1772 teneatur,
317 1707 355 1762 ut
367 1719 407 1763 ea
423 1699 457 1765 in
468 1702 619 1765 eiusdem
634 1701 914 1784 Congregationis
924 1699 1107 1764 Tabulario
1119 1701 1161 1763 ad
1178 1719 1251 1782 per·

136 1810 279 1896 petuam
296 1804 343 1867 rei
369 1805 566 1870 memoriam
582 1807 825 1872 custodiantur.
847 1804 1014 1869 Volumus
1042 1804 1143 1868 etiam
1161 1803 1250 1886 quod

135 1910 367 1990 praesentium
381 1909 586 1975 Litterarum
603 1911 824 1993 transumptis
839 1911 941 1974 etiam
953 1908 1133 1992 impressis,
1148 1927 1251 1972 manu

136 2017 254 2074 tamen
268 2011 409 2077 alicuius
428 2012 559 2080 Notarii
576 2013 702 2098 publici
717 2013 915 2095 subscriptis
934 2022 969 2078 et
987 2011 1097 2094 sigillo
1112 2011 1251 2078 alicuius

136 2131 305 2195 personae
314 2115 348 2178 in
359 2115 584 2181 ecclesiastica
594 2117 759 2199 dignitate
769 2116 972 2181 constitutae
982 2114 1120 2178 munitis
1132 2116 1250 2180 eadem

135 2235 277 2299 prorsus
286 2217 370 2283 fides
380 2220 579 2285 adhibeatur
590 2221 623 2285 in
635 2222 760 2285 iudicio
769 2231 804 2285 et
814 2231 911 2286 extra
922 2219 1015 2297 illud,
1028 2239 1114 2303 quae
1124 2219 1250 2284 eisdem

136 2322 373 2402 praesentibus
384 2322 607 2400 adhiberetur,
623 2324 650 2387 si
663 2324 871 2407 originaliter
885 2323 994 2387 forent
1010 2322 1182 2387 exhibitae
1198 2321 1250 2388 vel

134 2435 305 2494 ostensae.
318 2428 412 2494 Nulli
428 2449 508 2516 ergo
524 2433 664 2496 omnino
680 2432 855 2521 homiuum
871 2431 971 2494 liceat
985 2429 1073 2494 hanc
1090 2429 1248 2513 paginam

137 2527 289 2596 Nostrae
304 2533 535 2614 absolutionis,
550 2535 734 2615 divisionis,
748 2536 1009 2612 constitutionis,
1025 2534 1250 2612 subiectionis,

136 2635 460 2718 dismembrationis,
474 2639 744 2716 adiudicationis,
764 2637 982 2715 fundationis,
1002 2636 1188 2713 erectionis,
1200 2635 1249 2698 di·

136 2740 342 2818 stractiouis,
357 2742 596 2818 attributionis,
613 2741 859 2820 declarationis,
874 2740 1128 2824 suppressionis,
1140 2741 1251 2803 extin·
1276 2728 1280 2737 ’

136 2844 272 2922 ctionis,
287 2843 452 2923 elationis,
464 2843 677 2922 addictionis,
689 2843 931 2920 reservationis,
947 2843 1140 2920 sanctionis,
1149 2843 1251 2907 statui

136 2949 371 3030 derogationis
392 2959 427 3016 et
441 2951 627 3016 voluntatis
654 2950 843 3032 infringere,
858 2947 910 3012 vel
930 2950 960 3012 ei
977 2967 1059 3012 ausu
1075 2949 1252 3012 temerario

137 3055 308 3118 contraire
322 3076 330 3133 ;
345 3054 373 3118 si
393 3057 468 3138 quis
479 3065 596 3119 autem
622 3055 686 3120 hoc
702 3065 869 3120 attentare
881 3055 1153 3138 praesumpserit,
1168 3053 1253 3118 indi·

135 3159 338 3241 gnationem
368 3157 625 3242 Omnipotentis
642 3159 708 3224 Dei
734 3180 774 3224 ac
796 3161 977 3222 Beatorum
995 3158 1085 3222 Petri
1108 3166 1141 3220 et
1157 3156 1252 3222 Pauli

135 3259 386 3344 Apostolorum
404 3263 487 3328 Eius
498 3283 535 3328 se
552 3264 681 3328 noverit
698 3265 915 3326 incursurum.

181 3365 315 3431 Datum
329 3366 460 3432 Romae
475 3369 566 3452 apud
584 3367 747 3434 Sanctum
759 3367 894 3430 Petrum
907 3383 997 3429 anno
1010 3362 1253 3427 incarnationis

135 3469 343 3537 Dominicae
359 3471 538 3536 millesimo
556 3471 838 3554 octingentesimo
854 3469 1075 3552 nonagesimo
1096 3467 1254 3544 secundo,

135 3578 259 3662 quinto
289 3575 448 3641 calendas
479 3575 575 3656 Maii,
605 3574 824 3640 Pontificatus
859 3573 975 3638 Nostri
1009 3591 1099 3636 anno
1121 3571 1258 3642 decimo,

135 3684 268 3768 quinto.
