3216 4880
437 308 506 375 322
783 305 915 354 'INDEX
942 303 1193 354 ANALYTICUS.

434 455 599 510 assumendi
612 465 640 510 et
653 455 804 508 amovendi
818 454 860 514 61.
874 483 908 492 -
924 454 1062 509 Doctrina
1073 454 1101 508 S.
1115 453 1247 508 Thomae
1263 455 1292 507 in
1307 453 1471 508 Seminariis
1480 467 1524 507 tra·

435 545 518 599 datur
531 545 573 597 61.
587 571 619 582 -
628 544 674 596 Ab
683 542 829 612 Episcopo
842 543 903 596 solo
917 541 946 596 in
956 541 1089 595 omnibus
1098 541 1222 611 pendeat
1236 540 1388 596 Seminarii
1403 541 1524 608 regimen,

434 632 471 686 ab
485 632 604 700 ipsoque
617 628 804 684 admittantur
817 627 923 682 alumni
937 629 974 681 ad
988 643 1084 682 sacros
1101 629 1225 696 ordines,
1240 629 1284 681 vel
1296 637 1482 680 amoveantur
1493 627 1526 678 61.

435 747 469 758 -
489 719 651 772 Constituat
673 718 835 787 Episcopus
856 715 975 770 vicarios
997 715 1186 783 consiliarios,
1206 732 1298 786 usque
1319 715 1389 768 dum
1410 715 1526 782 Capitulo

434 814 530 860 careat
543 803 681 858 61-62.'—
703 804 749 857 ad
762 801 906 871 religionis
920 814 947 856 et
961 801 1119 857 animarum
1133 803 1222 857 zelum
1237 803 1368 856 Pontifex
1382 801 1528 870 Episcopus

434 894 601 948 adhortatur
619 891 661 946 62.
675 920 711 930 -
730 891 775 944 De
791 891 921 960 gestione
934 892 1074 944 bonorum
1088 890 1298 960 temporalium,
1310 900 1340 944 et
1353 889 1391 945 de
1403 887 1529 943 canonica

434 992 500 1036 taxa
517 982 546 1033 in
569 977 749 1048 expeditione
762 977 881 1031 solemni
904 977 1073 1031 Litterarum
1092 977 1324 1044 Apostolicarum
1343 975 1475 1030 Pontifex
1485 983 1530 1027 sta-

435 1067 496 1136 tuit,
509 1083 599 1136 eaque
613 1064 718 1132 omnia,
731 1064 767 1118 de
780 1063 882 1134 quibus
900 1065 978 1118 nulla
991 1064 1037 1117 hic
1051 1064 1081 1117 fit
1095 1064 1212 1134 mentio,
1226 1075 1288 1119 rata
1306 1065 1366 1119 vult
1387 1075 1530 1126 remanere,

384 1167 386 1174 ·
435 1165 517 1226 prout
531 1166 614 1209 antea
627 1173 634 1218 ;
647 1151 885 1221 difficultatesque
899 1153 920 1205 si
936 1153 1160 1222 supervenerint,
1168 1154 1206 1207 ad
1226 1153 1332 1208 Sedent
1345 1151 1531 1219 Apostolicam

435 1244 606 1300 deferendae
619 1252 684 1296 sunt
696 1241 785 1307 6263.
800 1241 931 1309 ——juxta
946 1241 1095 1295 Ecclesiae
1108 1241 1270 1295 doctrinam
1283 1251 1312 1296 et
1326 1242 1354 1294 S.
1362 1241 1447 1294 Sedis
1460 1239 1532 1292 disci·

433 1334 541 1402 plinam
555 1347 589 1384 ea
599 1339 807 1399 componantur
823 1328 859 1382 de
875 1328 977 1396 quibus
997 1328 1043 1383 hic
1064 1346 1120 1382 non
1145 1329 1269 1400 loquitur
1289 1327 1422 1383 Pontifex
1443 1327 1485 1394 63.
1507 1353 1533 1362 -

435 1420 578 1476 Pontificis
589 1429 631 1472 est
642 1418 779 1484 novam,si
794 1418 862 1470 utile
870 1414 1234 1486 judicaverit,Dioecesium
1248 1415 1531 1485 circumscriptionem

434 1527 568 1580 peragere
581 1507 598 1560 6
602 1523 626 1574 3.
637 1535 672 1544 —
687 1507 751 1560 Hae
772 1506 891 1573 litterae,
907 1506 1006 1560 firmae
1022 1523 1056 1560 ac
1075 1517 1154 1560 ratae
1167 1505 1328 1573 habendae,
1351 1503 1532 1559 illustrissimo

436 1599 470 1651 l).
484 1596 570 1652 Cossi
584 1595 767 1666 exequendae
780 1593 952 1648 mandantur
965 1593 1056 1662 63-64.

469 1724 514 1775 13.
529 1721 737 1773 EPISTOLA
751 1723 793 1769 ad
807 1719 999 1770 Cardlnales
1008 1719 1132 1770 Galliae
1142 1720 1290 1769 derebus
1298 1717 1454 1780 politicis.

434 1793 652 1846 3Maii1892.
1387 1801 1456 1854 pag.
1505 1782 1533 1835 66

470 1927 587 1982 Summo
601 1925 705 1993 gaudio
721 1925 887 1980 Pontificem
902 1923 1054 1979 Antistites
1063 1924 1176 1978 Galliae
1188 1924 1345 1978 affecerunt
1358 1921 1534 1978 assentiendo

409 2021 414 2029 “
436 2014 548 2068 Litteris
568 2013 730 2081 Encyclicis
752 2013 789 2067 de
811 2011 954 2084 praesenti
972 2013 1100 2066 Gallicae
1114 2011 1207 2080 gentis
1228 2010 1375 2080 regimine.
1400 2011 1494 2080 Magis
1512 2011 1533 2062 in

433 2101 494 2154 dies
514 2099 673 2168 profuturas
687 2101 739 2154 has
754 2100 876 2154 litteras
888 2100 927 2154 ad
940 2100 1060 2154 salutem
1076 2099 1186 2154 Galliae
1209 2098 1339 2154 Pontifex
1357 2109 1467 2170 sperat,
1479 2097 1533 2152 licet

434 2205 451 2240 a
469 2187 613 2241 nonnullis
635 2187 739 2242 fuerint
761 2188 872 2244 turbato
892 2188 990 2240 animo
1009 2188 1193 2256 impugnatae
1206 2187 1248 2240 66.
1263 2217 1298 2226 -
1310 2188 1376 2242 Hoc
1397 2204 1469 2242 vero
1487 2203 1533 2240 non

433 2263 553 2328 mirum:
568 2291 624 2327 non
638 2274 715 2328 enim
728 2275 860 2329 omnibus
871 2273 968 2328 statim
982 2273 1113 2328 clarescit
1127 2273 1240 2342 veritas,
1252 2273 1280 2328 in
1294 2275 1400 2328 mediis
1416 2272 1535 2344 reipubli-

433 2378 484 2414 cae
497 2361 656 2416 turbinibus
670 2362 716 2417 66.
736 2392 770 2401 —
785 2363 927 2417 Memorat
943 2362 1073 2416 Pontifex
1087 2379 1118 2416 se
1137 2363 1192 2416 hoc
1206 2361 1260 2416 sibi
1274 2363 1472 2432 proposuisse,
1482 2361 1534 2415 illas

435 2449 556 2502 Litteras
577 2449 736 2516 scribendo,
759 2458 788 2501 ut
809 2449 955 2502 exstinctis
978 2447 1100 2517 politicis
1120 2448 1356 2516 dissentionibus,
1379 2449 1535 2518 viribusque

435 2536 589 2590 concordia
601 2534 701 2602 auctis,
715 2535 815 2588 Fidem
829 2534 857 2587 in
878 2535 972 2589 Gallia
985 2544 1116 2589 tueantur
1129 2551 1228 2590 omnes
1248 2534 1331 2588 simul
1346 2536 1497 2600 Catholici,
1513 2549 1535 2588 et

435 2622 543 2675 cordati
566 2622 643 2675 cives
662 2621 753 2687 6667.
769 2651 802 2660 —
826 2621 868 2674 Ex
887 2639 922 2674 eo
941 2621 988 2676 die
1007 2639 1064 2692 quo
1080 2621 1204 2676 Litterae
1217 2622 1394 2693 prodierunt,
1409 2624 1534 2678 audacius

436 2709 558 2778 grassati
572 2719 637 2762 sunt
652 2708 799 2762 Ecclesiae
814 2709 920 2776 hostes,
934 2725 1022 2778 quum
1038 2708 1106 2762 nihil
1121 2707 1264 2779 antiquius
1278 2710 1407 2764 habeant
1419 2727 1502 2782 quarn
1513 2719 1536 2762 nt

437 2797 620 2851 christianam
641 2795 806 2864 religionem
820 2797 847 2848 in
866 2797 960 2850 Gallia
974 2807 1103 2851 evertant
1116 2797 1159 2864 67.
1173 2825 1208 2835 —
1221 2797 1259 2852 Se
1272 2815 1331 2851 non
1344 2801 1477 2866 potuisse
1488 2815 1535 2852 non

435 2883 512 2952 loqui
526 2883 587 2936 fuse
604 2881 730 2935 Pontifex
744 2883 877 2950 ostendit,
892 2883 1056 2936 memoratis
1075 2882 1227 2953 impiorum
1240 2884 1391 2938 hominum
1406 2887 1436 2939 in
1451 2885 1536 2940 Eccle-

436 2968 508 3022 siam
519 2967 629 3021 insidiis
637 2978 665 3022 et
675 2967 885 3021 Catholicorum
895 2969 961 3022 inde
975 2969 1292 3038 angustiis,praesertim
1302 2963 1382 3024 cleri:
1394 2971 1463 3024 huic
1471 2970 1537 3025 eninr

436 3055 547 3108 animus
560 3065 620 3110 erat
634 3057 780 3125 augendus
794 3073 851 3125 quo
869 3055 957 3109 libere
974 3054 1089 3110 doceret
1115 3055 1228 3110 Fideles
1242 3057 1382 3126 obsequia
1403 3069 1464 3112 turn
1484 3059 1537 3111 Deo

435 3155 497 3197 tum
510 3143 684 3213 principibus
697 3144 871 3214 praestanda
890 3143 982 3209 67-68.
994 3173 1030 3182 -
1042 3145 1093 3213 Jus
1106 3143 1159 3198 sibi
1175 3161 1192 3198 a
1206 3144 1270 3198 Deo
1291 3145 1394 3198 datum
1415 3144 1536 3208 docendi,

438 3231 579 3298 hortandi,
593 3233 727 3286 monendi
748 3231 878 3286 Pontifex
896 3231 1031 3300 vindicat,
1044 3233 1120 3301 quod
1142 3231 1271 3286 minuere
1291 3233 1425 3287 nonnulli
1446 3234 1538 3287 frustra

438 3320 532 3374 conati
547 3329 621 3389 sunt,
634 3319 845 3374 distinctionem
866 3319 973 3373 causati
993 3335 1053 3374 rem
1072 3319 1236 3388 religiosam
1256 3320 1331 3375 inter
1343 3329 1371 3374 et
1392 3320 1536 3392 politicam.

442 3409 495 3461 Pro
518 3407 576 3475 jure
597 3424 649 3461 suo
677 3406 743 3475 egit,
767 3424 820 3484 nec
848 3423 973 3476 unquam
1001 3407 1094 3462 officio
1124 3407 1214 3462 deerit
1241 3423 1293 3460 suo
1319 3407 1362 3461 68.
1395 3435 1433 3445 —
1465 3408 1538 3460 Viam

439 3495 540 3550 iterum
553 3495 658 3549 indicat
672 3511 728 3565 qua
747 3493 857 3548 Galliae
868 3493 979 3562 probati
993 3493 1070 3549 cives
1083 3494 1267 3550 concordiam
1280 3505 1341 3550 tam
1353 3497 1537 3552 necessariam

439 3583 512 3637 inter
536 3600 568 3636 se
595 3580 721 3636 stabilire
745 3581 859 3636 debent.
889 3583 922 3634 ln
947 3581 1046 3651 primis
1069 3594 1249 3651 praesentem
1274 3583 1400 3638 civitatis
1426 3585 1537 3638 formam

438 3681 549 3740 oportet
563 3686 662 3724 omnes
676 3677 841 3738 agnoscant.
856 3669 998 3724 Omnibus
1012 3669 1089 3722 enim
1103 3669 1210 3722 bonum
1221 3670 1367 3740 publicum
1378 3673 1466 3726 debet
1484 3688 1538 3725 esse

440 3759 550 3828 privato
562 3757 665 3828 potius.
680 3757 791 3810 Bonum
805 3771 872 3809 vero
886 3756 1029 3826 publicum
1043 3758 1104 3810 sine
1115 3765 1257 3825 potestate
1267 3757 1345 3812 civili
1355 3775 1421 3813 esse
1431 3757 1537 3828 nequit:

439 3847 474 3900 iis
494 3863 571 3914 ergo,
591 3844 638 3914 qui
659 3861 788 3898 summae
809 3861 902 3898 rerum
924 3855 1068 3914 praesunt,
1088 3845 1256 3915 obsequium
1277 3855 1429 3914 praestare
1450 3861 1538 3900 omnes

439 3934 544 3988 debent
564 3933 654 3999 68-69.
679 3959 710 3969 —
734 3931 871 3986 Nonnulli
895 3934 938 3985 vel
962 3929 1035 3987 inter
1056 3932 1219 3986 Catholicos
1241 3933 1364 3988 Litteras
1379 3933 1537 4002 Encyclicas

440 4022 516 4074 haud
534 4029 611 4072 recte
624 4017 799 4086 interpretati
820 4029 883 4072 sunt
898 4021 942 4085 69.
953 4049 987 4058 —
1001 4019 1158 4073 Attendant
1178 4019 1217 4072 illi
1232 4019 1325 4088 ipsam
1339 4021 1457 4090 quidem
1472 4031 1538 4091 pote

443 4119 544 4164 statem
558 4105 670 4162 civilem
683 4123 747 4161 esse
760 4124 777 4161 a
793 4109 863 4172 Deo,
874 4123 930 4159 non
946 4125 1012 4159 vero
1025 4108 1062 4160 ab
1076 4107 1121 4160 Eo
1134 4105 1313 4176 praefinitum
1329 4109 1420 4164 fuisse
1433 4109 1536 4163 modun

443 4198 480 4248 ab
494 4211 550 4248 uno
570 4194 606 4248 ad
627 4193 714 4248 alium
736 4195 892 4263 principem
907 4193 1055 4263 imperinm
1074 4193 1273 4262 transferendi,
1294 4211 1348 4250 nec
1368 4196 1537 4266 designatam

445 4285 563 4337 formam
578 4283 701 4353 aliquam
715 4283 845 4352 civitatis,
855 4293 903 4337 aut
917 4301 1053 4354 personas
1067 4283 1120 4355 ipsi
1133 4283 1343 4355 praeficiendas
1350 4287 1394 4355 69.
1407 4315 1444 4326 -
1459 4287 1538 4340 hluta-
