3296 4886
393 249 439 320 28
838 269 1055 324 annocurio

127 459 137 476 ι
197 393 198 408 ’
246 429 365 478 Alterum
393 421 495 486 Porro
519 424 784 488 moderationem
802 420 1503 507 praeierunt,calliditateutunturzexplo·

214 509 366 622 {22:2¹2
392 535 501 590 ratum
518 527 682 604 estenim,
697 527 724 590 si
736 546 851 591 verum
875 525 1054 610 quaeritur,
1070 525 1159 590 idem
1175 523 1238 588 hos
1264 526 1355 609 ipsos
1379 537 1503 608 petere,

146 655 148 672 ⁴
169 643 170 648 ’
215 630 366 754 zmilis?
392 628 548 714 idemque
564 631 658 710 velle,
673 631 765 716 quod
781 630 915 696 alteros.
931 628 1023 714 Quid
1039 629 1129 693 enim
1147 639 1208 708 est,
1223 631 1315 714 quod
1326 651 1502 714 oppugna-

73 727 77 740 ’
173 799 174 802 ,
255 755 367 804 rentium
392 743 481 799 tores
506 735 678 800 christiani
704 734 852 800 nominis
879 735 1058 800 acerrimos
1083 741 1117 799 et
1144 743 1290 818 apertos,
1305 737 1407 801 etiam
1424 757 1501 802 cuin

121 1463 135 1478 ‚
191 1423 194 1430 ’
214 1409 280 1459 silim
292 1423 365 1472 gras-

216 821 367 948 ffi'm
393 839 565 904 continere
580 840 716 923 publica
731 840 931 904 auctoritate
947 846 1095 922 possent,
1112 857 1179 902 non
1196 839 1398 904 continent?
1412 839 1502 906 Illud

232 951 321 1002 scmus
338 952 369 1000 in
394 944 498 1026 peius,
522 945 612 1028 quod
642 945 676 1008 in
700 944 828 1029 populo
854 944 1103 1008 contumaciam
1132 953 1235 1027 atque
1262 945 1340 1008 odia
1368 947 1504 1028 ipsimet

255 1016 369 1066 eumdem
994 1049 1002 1066 ,
1176 1049 1184 1064 ,

207 1081 292 1148 sim,
316 1088 368 1130 rm·
394 1060 605 1134 exasperant,
622 1051 759 1135 quando
775 1059 893 1115 notare
904 1049 1101 1115 Pontificem
1115 1049 1253 1132 perinde
1266 1051 1391 1114 audent
1401 1060 1505 1134 atque

215 1147 370 1262 emti-&fg
395 1153 513 1218 italicis
529 1155 628 1220 rebus
644 1155 818 1220 minaciter
834 1156 1078 1222 imminentem.
1094 1152 1195 1237 Quod
1214 1156 1240 1218 si
1253 1155 1408 1238 abrogari
1435 1175 1504 1219 cer-

215 1277 369 1327 siiunritus
395 1269 446 1323 tas
462 1259 552 1344 leges
568 1260 697 1340 nolunt,
712 1280 854 1344 quarum
871 1263 1000 1344 species
1016 1269 1068 1325 est
1091 1260 1261 1344 impertire
1277 1262 1404 1346 aliquid
1430 1263 1504 1328 sedi

231 1345 261 1392 ¹³⁸
281 1342 365 1392 Μ’·
394 1364 613 1448 Apostolicae
629 1365 796 1448 praesidii,
812 1365 936 1430 idcirco
951 1363 1071 1429 nolunt
1086 1366 1166 1448 quia
1181 1365 1330 1430 consiliis
1350 1369 1418 1432 suis
1443 1387 1505 1430 ex·

215 1473 279 1552 seiri,
301 1461 365 1523 Piis
395 1469 488 1551 pedit
504 1469 601 1534 nolle.
619 1469 688 1534 Eas
704 1470 793 1534 enim
821 1469 1013 1551 intelligunt
1040 1469 1083 1533 ad
1109 1470 1365 1534 excusationem
1393 1469 1505 1552 valere

215 1539 366 1654 “flag
394 1572 483 1650 foris,
499 1574 541 1637 ad
558 1573 699 1638 tutelam
716 1573 809 1637 domi
824 1598 832 1637 z
848 1584 1028 1655 praeterea,
1044 1591 1112 1654 quo
1129 1573 1240 1636 minus
1256 1573 1302 1636 rei
1318 1574 1505 1638 catholicae

219 1671 367 1785 azotum
394 1685 562 1754 noceatur,
577 1696 645 1740 non
662 1677 847 1741 admodum
863 1676 1006 1740 obstare.
1023 1675 1154 1742 Revera
1169 1677 1261 1760 quod
1289 1678 1440 1742 nonnulli
1458 1699 1505 1743 ex

215 1801 366 1852 uaiuumt·
395 1781 475 1864 ipsis
485 1801 600 1846 eorum
617 1781 768 1864 partibus
784 1781 862 1845 sassi
876 1790 963 1858 sunt,
973 1779 1147 1863 complura
1159 1781 1304 1845 vidimus
1317 1781 1507 1864 perniciosa

214 1867 367 1989 3533ng
396 1885 575 1964 Ecclesiae,
592 1885 707 1969 iniqua
723 1885 887 1960 Pontifici,
902 1883 983 1947 ninii
1010 1884 1049 1948 iis
1075 1883 1338 1966 impedientibus
1363 1886 1506 1968 legibus,

214 1998 287 2048 Sedis
311 2005 366 2062 apo-
395 1989 587 2054 constituta.
613 2027 657 2040 -
681 1989 797 2054 Vereri
825 2009 861 2052 se
887 1989 1024 2071 quidem
1052 1986 1279 2070 pontificalem
1297 1999 1504 2072 potestatem

213 2063 369 2177 {zm-,25
394 2101 580 2157 testantur:
608 2095 666 2158 sed
691 2094 778 2157 hanc
802 2093 908 2174 ipsam
937 2101 1141 2174 potestatem
1164 2091 1324 2156 divinitus
1346 2090 1505 2156 Pontifici

222 2194 368 2324 veprebj‘ffi
395 2200 553 2264 traditam
568 2199 752 2264 moliuntur
767 2200 942 2284 descriptis
958 2219 979 2263 a
996 2219 1031 2263 se
1044 2197 1165 2262 linibus
1176 2198 1341 2276 cohibere,
1352 2201 1504 2266 obstina-

211 2323 345 2373 ΜΝ
357 2341 368 2382 ‚·
396 2302 515 2365 tissimi
544 2303 629 2366 inter
655 2321 773 2366 omnes
798 2303 830 2366 in
857 2321 897 2365 eo
922 2312 959 2366 ut
986 2311 1021 2364 et
1044 2302 1198 2366 doctrina
1214 2311 1248 2366 et
1264 2323 1298 2366 re
1314 2305 1502 2368 obnoxiam

213 2390 366 2504 &magunum
395 2405 519 2470 faciant
536 2405 723 2471 Ecclesiam
740 2406 952 2489 principatui.
970 2405 1147 2489 Similique
1174 2409 1303 2472 ratione
1331 2408 1503 2490 integrum

213 2521 363 2598 onerositate·
392 2507 512 2590 cuique
528 2527 567 2570 ac
583 2515 694 2572 tutum
712 2505 880 2584 nuntiant,
892 2507 933 2568 ad
949 2504 1147 2570 Pontificem
1165 2527 1183 2570 e
1199 2505 1372 2589 quibusvis
1397 2518 1502 2573 terra·

224 2585 365 2702 zm&
391 2629 464 2673 rum
481 2609 642 2692 partibus,
656 2607 810 2691 obsequii
825 2611 953 2685 caussa,
968 2609 1082 2673 adire:
1099 2629 1133 2671 re
1149 2617 1263 2672 tamen
1281 2611 1363 2692 ipsa,
1379 2611 1411 2673 in
1429 2619 1504 2674 tam

261 2747 364 2813 mg„
390 2712 512 2796 insigni
529 2713 722 2776 iniuriarum
746 2711 890 2787 licentia,
916 2711 1075 2774 deterreri
1103 2720 1263 2776 externos
1288 2731 1423 2776 necesse
1450 2721 1505 2775 est

214 2814 365 2930 Imm
391 2818 570 2882 insolentia
585 2817 700 2900 plebis.
717 2853 760 2866 -
778 2815 830 2880 lta
847 2816 956 2894 nobis,
967 2815 1141 2898 utriusque
1153 2816 1285 2898 generis
1295 2817 1503 2880 adversario-

246 2945 282 2994 ,a
297 2961 364 2995 sum·
392 2941 465 2985 rum
481 2925 594 3004 opera,
617 2921 670 2985 vel
698 2921 771 3002 ipsa
796 2919 988 3001 alloquendi
1015 2919 1173 2983 audiendi
1201 2920 1402 2984 commercia
1431 2939 1502 2984 non

213 3025 302 3124 sm
311 3011 365 3125 522
392 3043 508 3104 parum
525 3021 800 3106 praepediuntur:
814 3029 848 3084 et
865 3021 906 3084 ad
922 3019 1095 3082 minimam
1106 3037 1276 3102 quamque
1287 3021 1502 3085 occasionem

214 3143 365 3202 tus,asiin·
392 3124 576 3190 illustratur
602 3133 635 3188 et
660 3124 815 3206 erumpit,
845 3122 936 3205 quod
965 3121 1061 3185 initio
1091 3121 1251 3196 diximus,
1282 3123 1397 3185 vexari
1429 3121 1506 3186 Nos

259 3209 366 3312 mm·
391 3229 543 3310 quotidie
559 3227 738 3311 indignius,
754 3235 856 3309 atque
871 3227 904 3288 in
923 3226 1043 3289 mediis
1059 3223 1313 3290 difficultatibus
1338 3235 1504 3308 perpetuo

209 3272 362 3390 prm:
391 3331 518 3397 luctari.
535 3331 634 3416 Quae
649 3333 787 3417 quidem
804 3333 831 3394 si
847 3340 899 3394 tot
912 3349 951 3393 ac
965 3339 1081 3394 tantae
1098 3337 1176 3393 sunt
1192 3329 1225 3394 iu
1237 3349 1321 3412 pace
1337 3331 1505 3412 rebusque

392 3441 597 3522 compositis,
612 3460 713 3504 nemo
725 3449 838 3523 potest
854 3439 936 3501 satis
953 3435 1140 3520 perspicere
1156 3457 1316 3520 quorsum
1327 3457 1506 3517 ,evasurae,

391 3543 419 3606 si
435 3543 516 3626 quid
532 3543 681 3607 subitum
698 3542 843 3624 ingruat,
855 3540 1051 3624 praesertim
1065 3539 1243 3604 commotis
1256 3539 1506 3622 suspicionibus

391 3647 478 3712 belli.

254 3755 366 3806 caream
437 3751 540 3816 Unde
556 3773 635 3817 vero
650 3751 785 3828 iactum,
796 3761 833 3814 ut
849 3749 1021 3814 hostilium
1039 3749 1088 3813 vis
1113 3749 1303 3812 animorum
1320 3749 1506 3816 novissimo

214 3837 369 3938 ,mm
392 3863 544 3938 tempore
560 3856 811 3919 inardesceret?
829 3853 901 3918 Nos
917 3852 1079 3935 profecto,
1094 3853 1187 3937 quod
1199 3851 1375 3934 proximus
1388 3851 1505 3918 deces-

214 3951 366 4082 :m'tllssj
393 3981 447 4025 sor
460 3961 594 4036 Noster,
610 3960 768 4043 quodque
784 3957 994 4041 Nosmetipsi
1010 3957 1118 4021 facere
1130 3958 1190 4020 vix
1202 3955 1284 4021 dum
1298 3955 1382 4021 inito
1393 3960 1507 4041 ponti·

215 4085 282 4135 roris
315 4098 367 4132 non
393 4067 492 4133 ticatu
521 4087 566 4130 ex
586 4066 791 4130 conscientia
815 4063 915 4130 officii
948 4064 1164 4142 instituimus,
1190 4064 1282 4128 idem
1310 4071 1508 4128 constanter

215 4149 366 4265 ''2⁶22ssssss
393 4173 558 4256 persecuti
574 4179 692 4254 postea
708 4189 832 4235 sumus.
849 4167 1024 4234 Vindicari
1039 4165 1286 4249 postulavimus
1316 4165 1349 4229 iu
1367 4163 1505 4230 liberta-

213 4281 275 4330 dicti
300 4279 369 4345 quid
393 4285 460 4340 tem
478 4275 637 4354 debitam,
661 4273 892 4354 Nostrumquc
907 4271 958 4335 ius
974 4271 1008 4334 in
1032 4269 1121 4334 hanc
1145 4269 1262 4334 urbem
1291 4267 1508 4347 nominatim,
