3216 4880
262 1189 323 1276 mu
407 1160 680 1239 ilffiiiuuu
710 1181 769 1227 vos
792 1161 882 1226 haud
909 1163 956 1226 ita
982 1164 1111 1244 pridem
1139 1163 1336 1229 declarastis
1361 1168 1510 1246 animum,
1572 1177 1573 1206 ³

271 1235 353 1336 [ἕνη
408 1245 433 1320 'll
570 1245 722 1349 i'quum
753 1287 833 1348 erga
861 1266 933 1329 Nos
960 1266 1201 1348 obsequentem
1225 1277 1259 1330 et
1286 1279 1432 1350 gratum,
1448 1285 1509 1334 turn

302 1303 432 1394 ⁹⁴'il
571 1321 595 1398 u

287 1401 384 1451 cauria
409 1395 432 1470 ip
571 1399 597 1472 pa
620 1370 790 1450 religionis
813 1371 960 1454 artisque
983 1390 1097 1434 sacrae
1122 1371 1324 1448 studiosum,
1354 1373 1442 1438 bene
1466 1397 1510 1438 ac-

258 1467 383 1581 ΙΡοΐιιτῑῐωτ
407 1471 593 1548 &iffi-2353
615 1483 750 1556 ceptum
768 1473 957 1540 habuimus.
973 1474 1029 1537 Ex
1042 1474 1161 1536 litteris
1174 1474 1262 1538 enim
1277 1478 1397 1538 vestris
1411 1479 1511 1540 subie-

228 1549 381 1660 ,fflissj
407 1573 537 1657 ctisque
553 1576 652 1656 pictis
664 1559 830 1660 exemplis
846 1577 959 1640 videre
975 1576 1077 1650 licuit,
1089 1575 1279 1640 Alexandri
1295 1577 1326 1641 V
1344 1579 1511 1642 Pontificis

231 1666 379 1780 maiuli:
405 1678 604 1759 sepulcrum,
620 1682 700 1744 artis
731 1681 894 1742 eximium
919 1699 1013 1762 opus,
1037 1699 1139 1762 quam
1168 1681 1346 1764 diligenter
1378 1703 1441 1762 per
1461 1703 1512 1745 vos

244 1796 271 1844 S.
284 1796 376 1870 fiune
405 1792 549 1866 apteque
561 1805 581 1846 a
593 1784 728 1848 iacturis
741 1785 1004 1866 redintegratum
1016 1785 1067 1861 sit,
1078 1805 1205 1867 suoque
1216 1785 1334 1848 honori
1348 1789 1511 1850 redditum

228 1862 378 1988 illimis·
406 1888 438 1948 in
465 1888 593 1969 templo
618 1889 725 1952 sancti
743 1889 910 1952 Francisci
939 1889 1158 1954 Assisiensis:
1184 1889 1277 1952 cuius
1304 1889 1446 1972 quidem
1473 1892 1512 1952 rei

228 1991 381 2105 mim
405 1994 513 2072 gratia
531 1993 671 2056 libenter
689 1993 758 2075 Ipsi
774 2003 900 2055 certam
918 1993 985 2055 vim
1013 1991 1263 2057 contuleramus
1291 1996 1513 2074 pecuniae.-

228 2121 378 2170 nppuadf.
409 2095 446 2158 Id
464 2095 615 2159 similiter
633 2097 706 2160 Nos
732 2097 887 2174 delectat,
908 2107 1053 2160 vestram
1072 2098 1104 2158 in
1121 2116 1162 2159 eo
1178 2105 1305 2160 certare
1329 2097 1512 2162 sollertiam

276 2187 381 2316 m
406 2209 442 2262 ut
459 2200 547 2264 idem
587 2201 761 2284 templum,
788 2203 877 2284 quod
905 2201 1040 2264 saeculo
1070 2199 1304 2263 tertiodecimo
1334 2201 1514 2282 splendida

224 2315 359 2380 pristinae.
407 2304 570 2366 maiorum
589 2304 695 2385 pietas
707 2306 868 2381 condidit,
884 2305 1032 2382 omnino,
1055 2315 1131 2384 post
1155 2303 1264 2366 varios
1281 2323 1393 2366 rerum
1412 2325 1515 2380 casus,

404 2406 507 2469 cultui
546 2408 661 2472 divino
698 2409 900 2486 restituatur,
920 2427 965 2470 ex
996 2407 1161 2489 dignitate
1193 2405 1319 2469 formae
1354 2407 1514 2489 pristinae

404 2517 586 2595 augustius.
606 2516 691 2580 Inde
707 2515 857 2598 prolecto
874 2515 1043 2598 specimen
1057 2514 1187 2576 extabit
1210 2513 1405 2597 praeclarae
1428 2513 1515 2588 artis,

264 2647 377 2696 Laudem
405 2637 490 2699 quae
505 2619 617 2684 floruit
634 2640 692 2702 per
708 2641 747 2683 ea
764 2621 837 2702 ipsa
848 2631 1010 2701 tempora,
1026 2620 1069 2682 ab
1085 2619 1204 2681 ardore
1221 2616 1297 2680 fidei
1321 2626 1355 2680 et
1382 2620 1514 2699 sapien·

225 2715 379 2828 arm&
404 2719 470 2783 tiae
497 2722 623 2785 lumine
651 2723 682 2784 in
706 2723 821 2805 primis
853 2724 1130 2803 laudata;quum
1162 2721 1289 2784 scilicet
1314 2721 1515 2803 disciplinae

226 2845 331 2894 suana„
403 2841 520 2886 omnes
536 2845 608 2888 sese
624 2834 798 2908 tamquam
815 2825 954 2889 ancillas
981 2825 1154 2889 doctrinae
1179 2843 1294 2888 sacrae
1318 2823 1454 2888 dabant
1485 2825 1514 2886 in

401 2927 639 3008 amplificanda
649 2931 751 2994 divini
766 2930 910 2994 nominis
922 2927 1035 3011 gloria.
1051 2927 1122 2991 Nos
1133 2937 1257 3004 autem,
1269 2927 1355 2990 sicut
1368 2925 1514 2990 solidam

403 3038 551 3094 veterum
584 3033 783 3114 sapientiam
822 3052 986 3108 revocare,
1025 3031 1193 3114 magistris
1232 3031 1264 3092 in
1296 3030 1515 3112 philosophia

402 3131 584 3217 Aquinate,
610 3138 643 3198 in
672 3137 790 3200 litteris
806 3136 993 3218 AligheriO,
1022 3137 1221 3212 studuimus,
1252 3134 1442 3210 studemus,
1470 3135 1515 3195 ita

401 3242 520 3302 ceteris
536 3241 754 3304 humanitatis
772 3241 898 3304 artibus
917 3241 1041 3304 fructus
1057 3241 1203 3322 optimos
1225 3257 1292 3302 non
1323 3237 1431 3301 dubie
1459 3257 1515 3300 au-

401 3362 568 3423 guramur,
605 3346 707 3408 modo
737 3345 886 3408 eiusdem
925 3345 1045 3409 aetatis
1083 3343 1254 3426 requirant
1291 3351 1326 3405 et
1362 3342 1515 3423 diligant

401 3449 617 3530 exemplaria.
644 3452 711 3514 Ars
730 3451 853 3514 etenim
886 3460 1008 3528 nostra,
1035 3471 1102 3533 quo
1126 3449 1263 3532 propius
1290 3448 1332 3510 ad
1365 3445 1515 3510 formam

401 3554 586 3635 sapientiae
602 3555 745 3633 divinae,
759 3557 791 3619 id
809 3557 899 3637 quod
917 3576 1040 3639 magna
1056 3565 1137 3619 tunc
1155 3553 1314 3636 religione
1326 3556 1516 3616 contende-

402 3655 507 3734 batur,
523 3659 709 3736 accesserit,
725 3681 765 3721 eo
789 3659 862 3741 plus
887 3661 1015 3724 decoris
1033 3659 1186 3723 habitura
1218 3667 1268 3722 est
1295 3667 1329 3720 et
1356 3659 1516 3738 virtutis;

401 3759 434 3821 in
458 3762 598 3825 artificio
616 3764 811 3844 praesertim
843 3763 976 3826 aedium
1005 3785 1183 3841 sacrarum,
1214 3781 1299 3845 quae
1331 3763 1519 3843 exemplari

270 3914 374 3964 Curato·
400 3867 589 3930 deserviunt
601 3866 806 3948 caelestium(
824 3867 845 3948 ).
861 3905 903 3914 -
919 3866 1078 3930 Vestrum
1096 3867 1196 3948 igitur
1219 3867 1271 3942 sit,
1286 3875 1355 3929 tam
1384 3865 1514 3947 insigni

236 3979 374 4056 rcskortq-
402 3972 434 4033 in
474 3980 695 4034 monumento
735 3970 846 4033 nobile
878 3991 995 4053 urgere
1034 3984 1255 4054 sanctumque
1286 3971 1514 4053 propositum,

243 4052 375 4174 iiiiii?
401 4073 524 4136 iudicio
547 4074 700 4155 sapienti.
719 4073 842 4155 inquo
866 4074 940 4156 ipso
963 4075 1061 4156 agite,
1079 4085 1115 4137 ut
1131 4093 1266 4156 operam
1284 4085 1433 4138 vestram
1462 4091 1514 4138 ar-

253 4173 375 4291 {52:¹53
401 4173 614 4258 chlepiscopo
630 4197 718 4241 novo
735 4198 800 4240 non
815 4189 904 4241 recte
918 4180 1027 4242 minus
1043 4179 1191 4260 probetis
1209 4198 1310 4260 quam
1329 4179 1514 4242 Decessori

434 4362 451 4394 ι.
473 4351 542 4395 Hebe.
556 4359 613 4400 viu.
632 4359 653 4403 5.
