3222 4888
160 333 167 338 ·
263 324 314 373 os
342 323 391 372 aa
417 320 636 373 cannomca
664 322 705 371 in
735 321 952 374 nuncium.
1097 307 1160 376 181

63 491 273 554 agermanae
301 470 499 553 prudentiae
527 469 656 552 legibus
675 479 745 532 tam
773 471 933 547 alienum,
950 491 1050 552 quam
1075 492 1164 537 com·
1263 506 1278 537 ε

63 577 191 638 mittere
214 584 251 638 ut
274 574 391 656 religio
414 574 552 654 impune
575 583 726 648 vexetur,
753 574 868 657 populi
893 575 984 638 salus
1000 576 1033 638 in
1051 576 1164 641 discri-
1230 548 1305 660 llll

63 698 136 740 men
153 677 350 741 adducatur.
1025 705 1045 742 o
1117 747 1119 754 ,

31 807 33 811 ·
104 781 188 847 Cum
206 801 285 843 vero
301 780 343 844 ad
355 779 554 844 firmandam
568 779 792 854 concordiam,
805 799 912 862 aeque
928 801 967 844 ac
983 783 1026 846 ad
1051 793 1165 847 actuo·
1266 813 1343 864 Vm,

63 906 131 949 sam
162 883 405 948 catholicorum
433 882 608 946 hominum
633 881 804 945 solertiam
831 885 1060 962 excitandam,
1085 888 1166 950 mire
1193 889 1320 972 ΨΜ·

62 989 227 1055 efficacem
244 989 492 1069 salutaremque
507 987 574 1050 vim
592 986 750 1066 habeant,
766 989 813 1052 uti
839 991 1048 1072 experiendo
1064 1001 1167 1074 patet,
1193 959 1342 1058 llllbllem'

62 1095 159 1159 annui
177 1094 371 1157 eorumdem
388 1099 583 1166 conventus,
600 1091 631 1153 in
661 1092 781 1172 quibus
806 1093 900 1157 dere
926 1095 1102 1174 catholica,
1125 1096 1168 1158 de
1190 1075 1345 1204 mma:

62 1200 190 1280 piorum
215 1217 353 1280 operum
381 1195 491 1259 omnis
516 1194 648 1274 generis
677 1194 892 1275 incremento
921 1197 1165 1281 Episcoporum
1193 1207 1280 1282 annui
1294 1223 1331 1255 ca·

60 1304 160 1367 ductu
177 1311 279 1384 atque
295 1299 459 1383 auspiciis,
476 1298 668 1360 communia
684 1297 824 1362 consilia
840 1300 1055 1365 conseruntur
1072 1303 1167 1381 ;ideo
1193 1271 1342 1386 {mm

61 1407 273 1469 vehementer
288 1413 446 1487 optamus
464 1412 499 1466 ut
509 1422 549 1465 ea
560 1402 688 1466 naviter
702 1401 925 1483 perficiantur,
938 1427 1024 1488 quae
1036 1419 1167 1471 vosmet
1193 1409 1324 1463 agantur,-

62 1529 125 1572 non
143 1507 251 1572 multo
267 1517 355 1582 ante,
370 1505 433 1568 hac
450 1525 550 1586 super
566 1524 609 1581 re,
626 1517 817 1587 opportune
838 1511 1024 1592 providisse
1042 1533 1165 1596 cogno·

61 1614 174 1676 vimus.
193 1611 313 1694 Neque
325 1609 414 1672 enirn
432 1609 635 1684 dubitamus
651 1623 839 1678 conventus
866 1616 1041 1694 eiusmodi,
1056 1619 1113 1700 qui
1130 1629 1166 1682 ut

61 1716 131 1780 aliis
147 1734 281 1798 quoque
297 1715 330 1776 in
348 1713 429 1776 locis
446 1711 649 1776 haberentur
666 1714 764 1778 valde
783 1715 854 1779 Nos
866 1727 1020 1782 auctores
1034 1719 1167 1796 luimus,

61 1818 243 1884 rationibus
273 1819 391 1882 vestris
420 1835 624 1898 magnopere
649 1817 913 1900 profuturos-
930 1821 971 1885 In
997 1841 1037 1884 eo
1063 1823 1180 1886 etiam‘
1192 1870 1343 1934 viriprola-

61 1923 176 1989 sedulo
191 1943 249 1987 vos
267 1923 455 2006 prospicere
478 1921 584 1996 decet,
611 1931 648 1984 ut
676 1922 708 1985 in
737 1923 996 2004 legumlatorum
1012 1936 1128 1990 coetus
1145 1927 1166 1990 ii
1193 1936 1328 1984 tusimiin

60 2031 116 2092 viri
144 2037 318 2112 spectatae
345 2025 515 2109 religionis
542 2022 771 2105 probataeque
798 2027 931 2090 virtutis
956 2040 1166 2112 cooptentur,
1192 2001 1342 2115 {mm

60 2135 113 2216 qui
126 2133 277 2197 animum
294 2112 411 2213 gerant
424 2140 577 2193 tenacem
590 2129 761 2208 propositi,
771 2130 927 2195 videlicet
937 2133 981 2195 ad
996 2132 1166 2197 Ecclesiae
1192 2139 1344 2196 coaptantem

61 2233 171 2316 reique
188 2230 374 2294 catholicae
391 2231 462 2292 iura
477 2229 682 2293 vindicanda
699 2243 892 2315 promptum
917 2219 1049 2318 semper
1065 2247 1166 2320 atque

60 2336 210 2401 alacrem.
228 2372 269 2384 -
294 2334 428 2398 Videtis
456 2343 636 2417 praeterea,
667 2333 887 2401 Venerabiles
919 2339 1062 2419 Fratres,
1092 2351 1164 2404 tum
1191 2383 1325 2446 epicarmi·

59 2439 311 2522 ephemeridum
328 2447 400 2501 tum
418 2435 576 2500 librorum
605 2455 679 2518 ope,
703 2437 737 2500 in
769 2438 802 2501 id
829 2441 949 2506 acriter
974 2442 1166 2506 incumbere
1191 2449 1308 2526 ditasti-

59 2543 112 2626 qui
125 2543 172 2606 ab
188 2541 340 2605 Ecclesia
355 2540 529 2617 dissident,
557 2549 593 2602 ut
609 2559 756 2603 errorum
774 2563 1070 2630 perversarumque
1094 2547 1164 2630 opi·
1186 2515 1314 2644 mli„

58 2648 196 2711 nionum
212 2665 342 2710 venena
358 2643 426 2708 late
453 2654 613 2727 spargant
637 2645 669 2706 in
687 2643 817 2727 vulgus,
834 2668 943 2711 mores
960 2649 1068 2713 bonos
1094 2670 1164 2714 cor·
1190 2646 1342 2722 scriptum

58 2758 224 2833 rumpant,
240 2759 341 2832 atque
357 2748 400 2812 ab
416 2747 548 2810 actione
573 2747 660 2812 vitae
687 2748 887 2814 christianae
914 2752 1163 2817 multitudinem
1191 2711 1334 2840 lllllllllq

57 2855 235 2917 abducant
253 2851 450 2935 intelligant
467 2852 568 2933 igitur
583 2851 737 2915 homines
747 2854 857 2932 vestri,
867 2865 1001 2938 tempus
1014 2855 1080 2918 iarn
1092 2875 1165 2920 esse

57 2957 170 3021 conari
186 2957 311 3039 aliquid
330 2957 437 3019 maius
452 2955 486 3018 in
503 2954 566 3018 hoc
579 2975 709 3037 genere,
721 2957 882 3040 omnique
894 2959 1025 3022 ratione
1037 2959 1166 3024 efficere

58 3067 92 3122 ut
107 3059 233 3142 scripta
250 3058 382 3140 scriptis
398 3065 621 3140 opponantur,
639 3076 724 3138 quae
738 3061 962 3142 magnitudini
975 3063 1166 3127 certaminis

57 3161 148 3241 paria
166 3161 326 3236 existant,
342 3168 445 3240 atque
461 3161 583 3224 idonea
600 3160 697 3223 malis
713 3165 861 3227 remedia
877 3167 1106 3249 suppeditent.

100 3265 255 3330 Maxime
271 3284 361 3340 vero,
377 3263 596 3328 Venerabiles
614 3264 758 3344 Fratres,
775 3268 887 3330 studia
904 3279 1014 3334 vestra
1030 3271 1064 3334 in
1086 3290 1164 3352 pue·
1187 3312 1325 3368 parronam

58 3388 168 3434 rorum
185 3377 289 3451 atque
305 3367 570 3432 adolescentium
588 3367 800 3435 institutione
816 3371 886 3434 fixa
902 3381 936 3435 et
968 3373 1078 3437 locata
1094 3394 1165 3437 esse
1190 3368 1330 3442 usquequo·

57 3473 219 3538 volumus.
237 3473 335 3536 Mens
353 3471 461 3536 Nobis
477 3491 543 3536 non
565 3483 616 3536 est
629 3491 668 3536 ea
682 3475 810 3550 iterare,
822 3490 908 3554 quae
919 3471 984 3534 iam
998 3472 1032 3562 in
1047 3473 1164 3536 iisdem
1190 3437 1335 3564 {milli

57 3579 174 3642 advos
202 3576 330 3654 litteris,
358 3577 454 3640 initio
481 3576 763 3651 commemoratis,
789 3575 1032 3656 exposuimus:
1057 3574 1166 3639 lacere
1191 3563 1328 3614 imum·

56 3690 170 3744 tamen
182 3699 248 3743 uon
261 3698 440 3762 possumus
451 3679 531 3761 quin
546 3677 717 3756 nonnulla,
728 3695 814 3760 quae
826 3677 988 3758 gravioris
1004 3678 1165 3742 momenti
1246 3731 1279 3779 ln
1288 3727 1343 3794 pn·-

55 3794 142 3859 sunt,
158 3783 303 3848 breviter
319 3783 536 3866 attingamus.
551 3817 594 3828 -
611 3781 664 3844 De
681 3781 941 3864 primordiorum
969 3782 1101 3858 scholis,
1118 3783 1166 3846 in·
1193 3795 1298 3873 ntorum
1327 3860 1333 3872 .

54 3887 214 3951 standum
233 3889 487 3970 urgendumque
503 3895 564 3963 est,
578 3883 799 3949 Venerabiles
812 3885 955 3961 Fratres,
969 3896 1005 3950 ut
1015 3887 1167 3951 curiones
1193 3878 1252 3912 ’Μ’
1263 3875 1341 3910 mnn-

1192 3945 1251 3976 rum
1263 3926 1327 3975 scho-

54 3990 224 4072 ceterique
240 3991 428 4055 animarum
445 4000 615 4056 curatores
631 4009 766 4054 summo
782 3990 815 4054 in
835 4011 892 4054 eas
919 3993 1034 4056 studio
1061 3991 1167 4055 conti·
1192 3994 1324 4108 §mm

55 4101 175 4158 uenter
190 4093 359 4177 evigilent,
385 4096 620 4176 maximasque
648 4105 778 4176 ponant
803 4094 901 4159 officii
925 4097 976 4159 sui
1004 4105 1117 4179 partes
1133 4116 1166 4158 m
1192 4125 1332 4174 dmin„
1431 4129 1434 4136 ‚

55 4195 202 4261 alumnis
218 4217 312 4262 sacra
328 4199 482 4264 doctrina
498 4205 698 4269 erudiendis.
716 4205 801 4270 Tale
817 4227 898 4271 vero
908 4226 1039 4284 munus,
1056 4204 1168 4270 nobile
1193 4189 1343 4304 :piperio-

55 4308 159 4382 atque
176 4319 286 4381 grave,
303 4321 344 4364 ne
368 4302 498 4368 alienae
525 4307 752 4389 procurationi
778 4309 990 4390 permittant,
1016 4309 1075 4373 sed
1103 4308 1166 4392 ipsi
1192 4328 1272 4371 ceant.
