3216 4880
437 313 560 363 INDEX
588 313 839 368 ANALYTICUS.
876 354 884 376 ,
1128 319 1195 390 3²¹

90 475 120 520 et
133 464 293 518 libertatem
307 464 454 518 Ecclesiae
468 463 677 533 procurandam
693 478 743 534 352
755 496 791 505 -
805 467 857 521 huc
868 467 997 521 ultimum
1008 485 1065 522 non
1087 468 1206 524 minoris

92 552 230 608 momenti
247 569 301 606 nec
320 553 425 606 laboris
441 569 516 608 nunc
529 562 573 607 est
591 569 678 622 quam
697 563 827 622 tempore
840 555 927 609 medii
942 555 1004 610 aevi
1015 576 1022 621 ;
1033 567 1100 611 tunc
1119 556 1206 624 enim,

93 641 222 712 quamvis
232 639 368 694 adessent
381 638 559 709 vitia,religio
572 630 691 724 regess
703 642 823 709 animos,
834 642 1046 713 auctoritasque
1058 643 1207 699 Ecclesiae

92 727 145 781 toti
166 727 276 804 corpori
299 726 397 782 sociali
422 727 603 797 praesidebat
617 745 624 791 ;
637 744 713 782 nunc
726 739 831 794 autem,
844 745 902 782 non
919 730 979 798 jam
1000 730 1142 796 cupiditas
1161 732 1206 785 vel

92 815 244 870 infrunitae
255 815 415 884 passiones,
435 815 487 870 sed
502 815 600 869 odium
617 815 898 871 nominischrisiiani
912 817 1017 872 excitat
1025 817 1209 873 adversarios

93 899 242 956 Ecclesiae
258 911 286 955 et
306 900 451 955 Pontificis
473 914 565 970 52-53.
583 929 618 940 -
638 901 718 955 Fidei
739 901 875 972 antiquae
895 903 1004 957 reditus
1025 903 1207 972 exoptandus

91 998 186 1052 esset,
205 1004 318 1058 semper
330 998 426 1042 tamen
441 988 571 1042 Ecclesia
584 989 726 1042 occultam
740 989 872 1044 virtutem
886 989 1014 1060 possidet
1024 1007 1082 1061 qua
1090 990 1208 1062 inexpu-

92 1075 215 1145 gnabilis
228 1087 271 1132 est
287 1089 327 1145 53.
341 1106 376 1116 —
390 1075 520 1132 Pontifex
535 1077 562 1131 S.
578 1075 698 1146 Collegii
711 1077 784 1132 votis
798 1089 864 1133 vota
873 1079 1005 1148 rependit
1021 1092 1063 1148 53.

130 1168 170 1216 11.
182 1168 391 1219 EPISTOLA
401 1169 445 1218 ad
456 1169 550 1218 Carti.
561 1170 697 1228 Galeati,
710 1169 862 1231 Archiep.
875 1173 1117 1222 Ravennaten-

94 1239 1116 1303 sem,demonumentoponendoDantiliiiglrerio-20Mar-

95 1308 235 1359 til1892.
1051 1325 1114 1377 pag.
1173 1321 1206 1378 54

131 1391 271 1446 Probatur
290 1411 307 1447 a
331 1393 469 1446 Pontifice
493 1393 644 1446 consilium
658 1393 783 1462 ponendi
797 1407 1013 1450 monumentum
1039 1395 1127 1449 Danti
1147 1397 1206 1450 Ali-

94 1478 202 1548 gherio,
227 1479 275 1548 qui
297 1480 363 1534 licet
384 1479 425 1534 ira
443 1491 471 1534 et
495 1478 598 1533 studiis
616 1479 740 1547 partium
762 1480 919 1535 identidem
948 1483 1086 1552 abreptus
1113 1482 1207 1552 fuerit,

94 1581 249 1636 numquam
263 1576 359 1620 tamen
368 1584 385 1620 a
395 1566 514 1620 veritate
525 1565 698 1620 christianae
709 1565 868 1636 sapientiae
877 1584 908 1621 se
917 1567 1019 1622 avertit
1030 1581 1108 1636 54—
1118 1569 1207 1624 Poeta

94 1653 252 1708 celebratur
266 1656 380 1724 ingenio
390 1656 517 1726 Fideque
531 1656 661 1709 sublimis
674 1669 714 1724 54.
728 1685 762 1694 -
777 1655 934 1710 Pecuniam
948 1656 976 1710 in
987 1666 1206 1710 monumentum

94 1741 296 1796 conferendam
304 1753 333 1798 et
342 1743 487 1813 exemplar
499 1743 587 1796 divini
603 1743 748 1796 Poematis
761 1743 838 1796 dono
852 1744 936 1797 mittit
952 1744 1082 1798 Pontifex
1098 1757 1138 1813 54.

129 1833 177 1884 12.
189 1835 410 1885 LITTERAE
420 1835 711 1886 APOSTOLICAE
726 1834 765 1883 de
776 1835 935 1884 erectione
951 1848 1113 1885 novarum

95 1923 292 1974 dioecesium
307 1925 341 1973 in
358 1926 516 1974 Brasiliae
528 1924 724 1987 regionibus.
735 1949 768 1958 -
781 1923 823 1973 27
833 1925 956 1989 Aprilis
966 1925 1055 1976 1892.
1069 1937 1133 1991 pag.
1173 1921 1208 1990 56

128 2006 297 2076 Apostolica
307 2008 397 2063 Sedes
410 2008 440 2062 in
453 2007 527 2062 votis
535 2007 705 2078 jamdudum
713 2007 813 2062 habuit
821 2024 910 2062 novas
920 2007 949 2061 in
962 2009 1101 2063 Brasiliae
1114 2010 1204 2078 regio-

94 2093 178 2148 nibus
191 2095 379 2165 Episcopales
392 2095 482 2150 Sedes
495 2095 677 2162 constituere,
685 2095 855 2164 civilemque
868 2107 1040 2164 potestatem
1056 2098 1110 2151 hac
1124 2097 1161 2152 de
1173 2115 1204 2152 re

94 2181 207 2251 saepius
220 2201 270 2252 per
284 2183 406 2252 Legatos
419 2182 528 2236 monuit
543 2183 584 2250 56.
597 2213 632 2220 -
650 2184 720 2235 Tres
735 2199 825 2235 novae
838 2183 1007 2238 dioecesesa
1023 2185 1073 2237 Pio
1090 2185 1132 2238 lX
1142 2185 1203 2254 jam

94 2279 207 2324 erectae
217 2271 328 2324 fuerunt
343 2271 384 2338 56.
398 2301 433 2310 -
448 2269 662 2324 Brasiliensium
679 2269 887 2338 Episcoporum
901 2271 975 2325 votis
989 2287 1119 2326 annuens
1132 2275 1204 2326 Pon-

93 2356 169 2426 tifex,
182 2365 302 2427 quatuor
318 2373 407 2412 novas
429 2357 585 2412 Dioeceses
607 2355 769 2425 erigendas,
794 2373 957 2429 novamque
978 2359 1204 2415 ecclesiasticam

92 2447 267 2516 provinciam
280 2447 512 2503 constituendam
531 2447 639 2503 censuit
656 2448 743 2517 56-57.
754 2477 790 2486 -
811 2449 892 2502 Duas
911 2447 1059 2502 constituit
1074 2449 1205 2503 Pontifex

93 2535 302 2590 ecclesiasticas
317 2536 491 2606 provincias;
501 2537 528 2590 in
539 2535 677 2590 Brasiliae
689 2535 927 2606 Septentrionalis
937 2533 1084 2605 provincia
1098 2536 1205 2590 liletro-

92 2622 211 2690 politam
224 2623 379 2690 constituit,
393 2623 476 2694 eique
489 2625 615 2694 quinque
630 2623 720 2676 Sedes
738 2622 798 2692 jam
820 2621 974 2676 existentes
988 2632 1014 2675 et
1029 2621 1101 2674 duas
1114 2639 1205 2677 novas

94 2708 122 2764 in
135 2709 330 2778 suffraganeas
340 2711 454 2779 subjicit
470 2724 510 2779 57.
524 2740 559 2749 -
574 2713 675 2764 Novae
694 2709 819 2765 dioecesi
833 2713 1011 2765 Amazonum
1024 2707 1205 2777 territorium,

91 2813 110 2850 a
120 2797 244 2852 dioecesi
256 2799 418 2853 Belemensi
430 2799 611 2869 disjunctum,
620 2798 808 2867 adjudicatur,
820 2798 938 2868 ejusque
951 2798 1095 2852 Cathedra
1105 2797 1203 2852 funda·

91 2896 138 2939 tur
147 2885 365 2954 57-58.—Fines
374 2885 514 2940 dioecesis
525 2896 687 2940 statuuntur
698 2887 883 2953 58.—Novae
893 2885 1018 2940 dioecesi
1029 2884 1205 2954 Paraybensi

91 2971 262 3026 territorium
287 2991 305 3026 a
317 2973 442 3028 dioecesi
458 2971 667 3026 Pernabncensi
681 2970 860 3038 distractum,
873 2971 1045 3037 attribuitur,
1059 2969 1204 3025 Cathedra

91 3060 234 3127 fundatur,
246 3072 274 3115 et
295 3060 399 3115 limites
419 3059 621 3131 praefiniuntur
642 3059 682 3126 58.
702 3089 737 3098 -
753 3059 895 3112 Australis
921 3058 1087 3129 provinciae
1113 3059 1204 3113 Sedes

93 3145 1204 3218 Metropolitanadesignatur5859.-MetropolitanaeEcclesiaeterritorium

91 3236 234 3304 statuitur,
249 3248 277 3290 et
302 3247 413 3307 septem
434 3235 582 3291 Ecclesiae
606 3233 793 3304 Episcopales
818 3233 847 3288 in
870 3234 1065 3303 suffraganeas
1091 3237 1204 3303 dantur,

91 3324 167 3378 inter
185 3340 256 3393 quas
270 3323 344 3378 duae
360 3339 452 3376 novae
466 3323 555 3376 Sedes
575 3331 650 3388 sunt,
663 3321 753 3376 altera
770 3321 1016 3389 Nictheroyensis,
1030 3321 1112 3390 cujus
1125 3321 1204 3375 terri·

91 3411 194 3470 torium
210 3410 352 3478 definitur,
365 3421 393 3464 et
407 3409 551 3464 Cathedra
574 3408 727 3472 fundatur;
750 3407 841 3462 altera
864 3425 940 3476 vero,
952 3407 1150 3477 Curitybensis
1168 3409 1205 3462 de

93 3503 214 3569 Parana,
227 3517 301 3570 quae
311 3497 396 3554 simili
410 3498 497 3552 modo
509 3496 699 3562 constituitur,
712 3507 740 3551 et
751 3491 889 3550 limitatur
903 3498 1033 3564 59-60.-
1049 3496 1205 3550 Dioeceses

92 3591 129 3644 de
140 3589 243 3658 quibus
256 3589 302 3642 hic
315 3587 393 3640 nulla
412 3586 442 3641 iit
455 3584 572 3652 mentio,
586 3585 613 3637 in
627 3584 730 3638 eodem
750 3593 825 3638 statu
839 3601 915 3639 nunc
929 3593 1097 3653 permanent
1107 3583 1150 3637 60.
1169 3611 1204 3622 —

95 3671 336 3728 Novitererectae
350 3669 537 3724 Cathedrales
552 3668 700 3721 Ecclesiae
710 3665 813 3720 iisdem
823 3683 857 3720 ac
868 3667 1003 3736 antiquae
1012 3666 1123 3736 juribus
1136 3683 1204 3736 gau·

91 3761 170 3828 dent,
184 3774 338 3828 earumque
353 3758 486 3810 Pastores
498 3755 595 3808 omnia
616 3753 826 3822 Episcoporum
842 3753 907 3822 jura
920 3753 1090 3808 obtinebunt
1109 3753 1152 3808 60.
1170 3785 1205 3793 -

93 3849 141 3902 De
160 3844 324 3902 conditione
347 3844 370 3896 F
373 3843 489 3898 idalium
507 3858 645 3896 novarum
670 3839 864 3910 Dioecesium,
884 3841 921 3895 de
941 3857 1040 3895 eorum
1063 3839 1156 3908 bonis,
1170 3857 1204 3895 ac

90 3934 224 3988 omnibus
244 3930 423 3986 documentis
445 3947 518 4000 quae
539 3928 617 3998 ipsos
639 3927 803 3998 respiciunt,
829 3927 960 3982 Pontifex
987 3926 1088 3981 statuit
1107 3925 1150 3980 60.
1170 3957 1205 3966 -

92 4025 140 4077 De
157 4023 224 4076 dote
243 4037 310 4074 vero
332 4017 401 4072 nihil
423 4018 579 4084 constituit,
593 4025 671 4072 certo
693 4016 840 4070 confidens
862 4016 1053 4072 Brasilianum
1067 4016 1204 4086 populum

90 4107 196 4162 auxilio
209 4106 268 4162 fore
282 4103 365 4160 novis
378 4103 529 4173 Episcopis
543 4103 633 4156 60-61.
648 4131 682 4140 -
696 4102 728 4154 ln
740 4117 914 4170 unaquaque
928 4099 1052 4154 dioecesi
1072 4101 1204 4170 erigatur,

91 4211 157 4276 cum
170 4193 293 4262 primum
306 4189 366 4246 fieri
386 4201 488 4261 potest,
500 4189 690 4245 Seminarium
699 4187 780 4258 juxta
793 4187 981 4241 Tridentinae
996 4187 1104 4256 Synodi
1123 4205 1204 4259 prae·

90 4286 300 4356 scripta61.-
320 4281 470 4340 seminarii
491 4293 613 4337 rectores
636 4291 664 4338 et
688 4281 865 4351 professores
886 4281 924 4335 ad
945 4279 1081 4350 Episcopi
1104 4293 1203 4337 nutum

168 4448 312 4494 Aculeonis
323 4449 392 4492 xiii.
1006 4445 1033 4488 V.
1042 4467 1067 4478 -
1077 4459 1100 4487 er
