3216 4880
454 311 575 362 INDEX
603 309 854 360 ANALYTICUS.
1138 313 1208 384 335

102 477 154 515 sua
167 471 308 530 potestate
320 477 373 515 eas
385 461 499 515 scholas
512 470 609 514 tenere
623 476 695 528 quae
708 459 820 513 fuerunt
834 460 887 514 sub
900 459 963 529 ipsa
976 479 993 516 a
1012 461 1211 519 fundatoribus

102 557 275 614 constitutae
302 558 359 612 182.
383 586 418 597 -
443 557 545 612 Clerici
569 557 722 626 diligenter
739 557 923 612 instituantur
945 559 1003 627 183.
1027 590 1060 598 —
1074 561 1211 631 Episcopi

104 656 218 710 Clerum
242 654 362 724 diligant
375 673 383 720 3
407 654 506 710 Clerus
529 652 681 723 Episcopis
694 652 863 723 obsequium
875 663 1002 722 praestet
1018 673 1025 719 ;
1040 655 1212 712 Sacerdotes

103 753 209 822 populo
233 750 363 821 exemplo
385 750 451 818 sint,
474 767 527 804 nec
549 750 634 804 nimis
656 766 688 803 se
712 748 858 816 implicent
878 748 1001 819 negotiis
1020 753 1213 809 saecularibus

106 849 228 916 183-184.
249 877 287 888 -
300 849 346 902 De
358 846 542 902 ecclesiarum
552 847 662 915 peculio
672 861 740 899 cura
751 844 787 898 sit
798 845 931 913 maxima,
941 846 1114 903 sodalitates
1123 849 1213 904 laicae

102 945 557 1002 sacerdotumcurareliorescant
569 943 783 1014 184—Quibus
792 944 828 1000 de
838 945 922 1000 rebus
931 947 1214 1004 consiliaideutidem'

102 1043 250 1098 conserant
263 1043 337 1097 inter
349 1059 381 1096 se
395 1042 533 1112 Episcopi
550 1043 607 1106 184.
621 1039 799 1094 -Animum
813 1050 926 1095 sumant
936 1042 1085 1112 Catholici,
1093 1046 1214 1116 vocique

104 1139 249 1192 Pontificis
259 1139 454 1208 obsequantur
467 1135 735 1202 184.-Pastoribus
743 1146 771 1190 ct
782 1135 862 1205 gregi
873 1136 1013 1206 propitius
1024 1139 1104 1194 Deus
1112 1141 1213 1208 aderit,

103 1248 156 1286 nec
176 1232 266 1285 deerit
285 1231 486 1286 benevolentia
509 1230 597 1299 Regis
620 1230 743 1298 184·185.
757 1259 792 1268 -
806 1230 954 1284 Orandum
967 1231 1069 1288 suadet
1083 1235 1213 1292 Pontifex

104 1335 132 1378 et
144 1325 288 1380 benedicit
305 1327 364 1395 185,

141 1484 191 1534 35.
209 1485 429 1534 LITTERAE
443 1481 718 1533 ENCYCLICAE
731 1483 771 1532 de
785 1483 921 1534 Rosarlo
931 1485 1074 1535 Marlalt.
1091 1510 1123 1520 -

106 1579 125 1629 8
139 1581 223 1642 Sept.
246 1581 337 1630 1893.
1057 1593 1122 1646 pag.
1164 1580 1213 1635 186

142 1710 292 1766 Laetitiam
306 1709 454 1764 Pontificis
466 1708 733 1779 quinquagesimum
747 1707 939 1779 Episcopatus
953 1726 1060 1764 annum
1070 1715 1214 1783 compleu-

105 1806 141 1862 tis
154 1809 274 1861 multum
287 1806 363 1860 auxit
378 1806 518 1860 fidelium
529 1805 645 1860 laetitia.
660 1805 781 1858 Gratum
799 1803 926 1859 animum
947 1815 1066 1860 testatur
1086 1809 1216 1866 Pontifex

106 1921 175 1972 erga
190 1905 284 1958 Deum
297 1914 325 1957 et
340 1903 372 1957 B.
389 1903 427 1956 hl.
442 1903 476 1956 V.
494 1901 551 1956 186.
564 1931 599 1940 -
614 1901 761 1970 Benignae
774 1902 878 1955 Matris
893 1901 1000 1956 studuit
1020 1903 1081 1972 ipse
1104 1907 1217 1976 saepius

106 2016 274 2069 promovere
284 2000 401 2054 cultum.
417 1997 499 2051 Libet
509 1997 570 2067 jam
581 1997 740 2050 orationem
753 1995 860 2050 habere
873 1995 910 2050 de
919 1997 1093 2053 utilitatibus
1103 2001 1217 2058 Rosarii

110 2088 233 2154 186·187.
259 2117 294 2125 -
319 2087 433 2140 Bonum
457 2085 539 2139 civile
557 2085 688 2140 Pontifex
710 2085 787 2138 omni
807 2102 862 2154 ope
883 2086 993 2141 curavit
1018 2089 1074 2154 187.
1095 2117 1127 2128 -
1149 2091 1217 2146 Tria

107 2176 172 2230 huic
183 2176 257 2229 bono
276 2173 518 2244 perniciosissima
534 2173 591 2239 187.
604 2203 640 2212 -
656 2179 682 2226 1⁰
696 2173 847 2226 Modestae
861 2171 936 2227 vitae
948 2183 976 2228 et
990 2185 1126 2230 actuosae
1138 2176 1216 2232 fasti-

107 2264 193 2318 dium.
208 2264 252 2316 Ex
264 2261 438 2331 negligentia
450 2263 582 2315 virtutum
605 2276 680 2332 quae
702 2276 792 2328 genus
810 2259 886 2314 vitae
906 2277 1056 2315 commune
1069 2276 1216 2332 exornant,

107 2352 196 2406 multa
204 2350 331 2404 oriuntur
343 2350 419 2403 mala
432 2351 460 2406 in
469 2349 575 2416 liberis,
585 2349 614 2402 in
628 2347 786 2417 opificibus,
795 2347 823 2400 in
835 2348 972 2416 ruricolis,
983 2349 1056 2402 inter
1068 2349 1214 2406 civitatum

107 2443 222 2496 ordines
235 2441 393 2508 187·188.-
404 2438 574 2497 Remedium
585 2439 630 2493 his
640 2438 723 2492 malis
731 2439 813 2492 affert
823 2439 974 2493 Rosarium
986 2457 1037 2508 per
1046 2441 1214 2508 gaudiorum

106 2529 242 2596 mysteria
258 2529 315 2582 188.
328 2556 364 2566 —
384 2529 602 2583 Nazarethanae
622 2527 724 2580 domus
738 2526 901 2596 exemplum
915 2525 1083 2596 proponitur
1096 2527 1215 2596 singulis

107 2615 280 2682 hominibus,
307 2611 430 2684 familiis,
456 2626 484 2670 et
509 2614 671 2670 civitatibus
695 2613 879 2668 utilissimum
907 2613 964 2668 188.
991 2644 1025 2653 -
1051 2621 1080 2668 2⁰
1106 2616 1217 2671 Horror

107 2700 241 2770 patiendi.
258 2702 342 2757 Multi
355 2719 411 2756 non
426 2703 454 2756 in
468 2701 579 2768 virtute,
594 2702 645 2755 sed
664 2701 692 2754 in
715 2701 876 2770 praesentis
889 2698 966 2755 vitae
979 2702 1216 2760 delectationibus

106 2787 271 2842 felicitatem
308 2801 425 2858 ponunt.
458 2788 586 2842 Maxima
617 2787 684 2841 inde
705 2788 834 2841 oriuntur
860 2787 937 2841 mala
972 2787 1029 2855 189.
1054 2817 1090 2826 —
1126 2791 1216 2846 Rosa-

106 2875 179 2928 rium
199 2893 249 2944 per
260 2875 396 2944 mysteria
409 2876 548 2944 dolorum,
560 2874 729 2943 patientiam
752 2891 804 2927 nos
828 2873 922 2940 docet,
937 2873 1041 2928 Christi
1057 2874 1216 2932 doctrinam

107 2973 136 3016 et
148 2965 310 3032 exemplum
323 2964 494 3035 doloresque
508 2965 540 3020 B.
555 2965 595 3020 M.
611 2964 644 3017 V.
658 2963 740 3016 nobis
755 2979 919 3032 proponens
942 2963 999 3030 189.
1019 2963 1217 3032 <Quaslibet

108 3067 215 3121 poenas
235 3051 345 3106 fortiter
359 3051 456 3107 suffert
470 3051 658 3118 Christianus,
673 3050 779 3104 Christi
802 3051 933 3119 exemplo
946 3061 974 3104 et
987 3049 1080 3119 gratia
1094 3053 1216 3123 adjutus,

110 3149 138 3192 ut
152 3140 305 3194 multorum
319 3148 440 3194 testatur
452 3140 613 3210 exemplum
630 3138 752 3207 189·190.
761 3137 799 3176 '—
811 3143 842 3204 3⁰
855 3137 1026 3190 Futurorum
1036 3155 1109 3206 quae
1123 3158 1217 3210 spera·

109 3243 172 3280 mus
185 3227 299 3282 oblivio.
313 3227 376 3284 Tali
390 3228 533 3282 oblivione
546 3237 661 3280 nostrae
674 3225 777 3280 aetatis
790 3225 922 3280 homines
936 3225 1026 3292 magis
1039 3227 1133 3281 allecti
1153 3240 1218 3284 sunt

108 3331 194 3383 quam
208 3315 262 3384 ipsi
275 3313 381 3370 ethnici
398 3329 457 3382 190.
469 3343 503 3353 -
519 3314 612 3384 Hujus
625 3313 693 3366 maii
706 3330 794 3367 causa
807 3312 960 3382 praecipua
973 3329 1051 3366 error
1063 3324 1106 3367 est
1119 3329 1217 3369 eorum

109 3399 157 3471 qui
181 3414 280 3470 putant
302 3419 352 3472 per
374 3419 472 3458 curam
493 3401 569 3457 vitae
591 3403 700 3456 futurae
723 3401 942 3471 prosperitatem
965 3399 1041 3454 vitae
1059 3401 1218 3468 praesentis

109 3490 248 3560 impediri.
258 3491 317 3565 Res
330 3500 496 3560 praesentes
507 3490 531 3544 si
541 3491 661 3543 honeste
671 3489 712 3542 eis
721 3501 842 3554 utamur,
852 3504 915 3540 cum
925 3487 1026 3540 futuris
1034 3487 1106 3541 miro
1119 3489 1218 3543 ordine

110 3587 327 3646 componuntur.
351 3577 514 3632 Effrenatus
534 3594 601 3631 vero
623 3593 702 3630 arnor
725 3593 819 3629 rerum
841 3586 1025 3642 terrenarum,
1043 3575 1218 3630 oblivionem

110 3661 183 3732 parit
197 3664 336 3718 bonorum
349 3666 516 3720 coelestium
531 3679 654 3732 190-191.
668 3693 703 3702 -
716 3663 817 3716 Talem
827 3661 1000 3716 oblivionem
1013 3661 1115 3715 avertit
1128 3662 1218 3717 Rosa·

111 3749 191 3816 rium,
205 3751 273 3804 dum
290 3763 417 3808 mentem
437 3763 565 3806 nostram
585 3769 634 3820 per
656 3751 793 3820 mysteria
804 3749 913 3819 gloriae
926 3749 1028 3802 attollit
1042 3749 1080 3803 ad
1098 3749 1217 3804 coelum.

111 3839 200 3892 Terra
225 3839 331 3908 sordet,
351 3855 446 3910 poena
470 3838 615 3906 dulcescit,
633 3838 701 3891 dum
721 3838 831 3892 coelum
857 3837 1011 3906 aspicimus
1039 3851 1162 3904 191-192.
1184 3867 1219 3876 —

112 3925 238 3979 Florebit
248 3926 357 3996 civitas,
370 3927 394 3981 si
407 3927 488 3982 coelo
502 3926 602 3980 intenti
615 3926 672 3979 sint
685 3923 817 3978 homines
833 3938 894 3992 192.
916 3953 951 3962 -
974 3923 1220 3978 Commendamus

112 4013 226 4068 Rosarii
252 4014 393 4084 sodalitia,
415 4015 444 4068 in
466 4014 568 4084 quibus
592 4015 699 4068 fructus
721 4029 755 4064 ex
776 4012 892 4067 laudata
914 4027 999 4082 prece
1023 4011 1219 4080 percipiuntur

113 4101 263 4157 uberiores.
282 4103 430 4157 Sodalium
443 4104 572 4172 exemplo
586 4103 741 4158 invalescet
755 4100 832 4170 apud
850 4110 960 4155 ceteros
977 4099 1091 4153 Fideles
1107 4099 1218 4155 Rosarii

111 4191 203 4243 cultus
219 4206 341 4260 192·193.
351 4221 386 4230 -
397 4191 498 4260 Sperat
510 4192 639 4246 Pontifex
648 4201 813 4261 praesentes
827 4189 937 4242 litteras
947 4187 1147 4242 saluberrimas
1158 4189 1218 4244 iore

112 4278 227 4332 familiis
239 4289 268 4334 et
281 4279 401 4350 populis.
416 4279 566 4334 Benedicit
582 4293 639 4348 193.
