3216 4880
446 265 517 334 294
570 263 752 316 usrsrona
770 263 982 318 uuercurca
1002 255 1022 286 ‘⁶
1043 265 1219 320 rucuunn
1237 267 1396 318 seuseu.
1417 243 1434 271 '’

441 435 508 481 non
526 415 593 481 alia
608 415 765 480 nimirum
782 417 845 480 nisi
861 416 924 480 hac
940 417 983 481 de
1009 437 1076 500 qua
1093 417 1236 482 dicimus
1252 417 1489 480 conciliationis
1501 427 1525 478 et

440 519 686 603 deprecationis
702 519 821 602 lege,a
848 529 965 584 sancto
993 521 1201 585 Bernardino
1228 520 1370 586 Senensi
1399 521 1430 583 in
1459 519 1525 582 hanc

440 625 640 690 sententiam
657 641 837 705 expressa:
858 623 976 688 Omnis
985 625 1104 708 gratia
1118 645 1201 708 quae
1227 624 1305 688 huic
1329 624 1452 687 saeculo
1464 646 1526 686 cou-

440 729 635 803 municatur,
651 726 809 808 triplicem
824 725 920 791 tabet
939 739 1133 810 processum.
1149 727 1244 792 Nam
1269 749 1292 790 a
1315 727 1387 790 Deo
1402 727 1436 790 in
1453 725 1527 792 Ciri-

438 841 536 910 stum,
547 853 569 896 a
598 829 727 897 Cbristo
739 828 775 892 in
799 829 978 914 Virginem,
993 852 1015 894 a
1033 829 1172 915 Virgine
1184 830 1220 894 in
1236 830 1527 894 nosordinatissim

266 949 412 1003 etnumero,
439 936 649 1019 dispensatur
662 933 712 1016 (1).
746 931 873 1012 Quibus
901 933 1003 998 veluti
1034 933 1204 1017 gradibus,
1231 935 1384 998 diversae
1411 936 1528 1018 quidem

441 1041 527 1105 inter
544 1058 579 1102 se
595 1037 743 1116 rationis,
759 1037 886 1120 positis,
902 1039 935 1100 in
952 1038 1016 1101 hoc
1041 1039 1203 1103 extremo*
1212 1037 1370 1102 libentius
1388 1039 1530 1121 quodan-

441 1145 543 1210 modo
556 1143 755 1226 longiusque
768 1163 812 1206 ex
823 1143 979 1208 instituto
993 1143 1125 1208 Rosarii
1139 1143 1334 1220 insistimus,
1346 1141 1531 1208 salutatione

440 1247 592 1331 angelica
608 1248 640 1310 in
657 1245 801 1310 decades
817 1248 1023 1324 continuata,
1034 1246 1130 1330 quasi
1144 1255 1181 1311 ut
1192 1245 1351 1310 fidentius
1363 1247 1408 1310 ad
1423 1256 1532 1309 ceteros

439 1353 573 1436 gradus,
589 1353 622 1416 id
639 1361 690 1416 est
715 1371 774 1434 per
805 1350 977 1416 Christum
1004 1352 1048 1415 ad
1082 1351 1193 1416 Deum
1222 1351 1367 1429 Patrem,
1396 1351 1534 1416 nitamur.

440 1458 497 1524 Sic
505 1477 584 1522 vero
594 1457 748 1521 eamdem
761 1455 999 1520 salutationem
1011 1456 1111 1520 toties
1122 1454 1329 1520 effundimus
1339 1457 1383 1520 ad
1399 1456 1534 1528 Mariam,

439 1573 477 1627 ut
493 1581 613 1626 manca
629 1571 662 1626 et
685 1560 806 1626 debilis
833 1559 983 1642 precatio
1006 1568 1121 1624 nostra
1143 1561 1330 1624 necessarii
1353 1558 1477 1623 fiducia
1495 1577 1534 1619 sn-

441 1675 607 1730 stentetur
625 1687 633 1746 ;
649 1685 722 1730 eam
741 1665 934 1746 flagitantes
951 1672 987 1726 ut
1001 1663 1113 1728 Deum
1130 1685 1191 1746 pro
1208 1664 1314 1742 nobis,
1330 1675 1448 1728 nostro
1463 1664 1535 1726 uelut
1580 1697 1581 1742 3

441 1771 585 1846 nomine,
601 1779 727 1835 exoret.
738 1768 873 1832 Nostris
889 1767 1015 1854 quippe
1028 1769 1167 1832 vocibus
1184 1787 1309 1852 magna
1334 1769 1429 1851 apud
1459 1768 1533 1831 illuni

440 1882 474 1938 et
489 1874 597 1955 gratia
610 1883 643 1936 et
659 1873 708 1935 vis
724 1871 910 1946 accesserit,
929 1871 956 1933 si
973 1871 1129 1954 precibus
1145 1871 1296 1952 Virginis
1313 1871 1533 1936 commenden-

440 1989 494 2041 tur
511 1999 518 2039 :
535 1996 637 2059 quam
668 1973 792 2039 blanda
818 1975 960 2057 ipsemet
990 1973 1191 2040 invitatione
1216 1976 1427 2058 compellat:
1455 1975 1536 2040 Sonat

441 2097 505 2140 uox
517 2086 575 2140 tua
591 2076 626 2139 in
641 2075 778 2139 auribus
793 2075 899 2151 nuis,·
915 2095 979 2139 voa
1000 2075 1089 2139 enim
1115 2085 1174 2140 tua
1202 2075 1308 2140 dulcis
1319 2076 1371 2160 (²).
1390 2077 1487 2141 Hanc
1499 2076 1534 2156 ip

277 2213 416 2278 ratibusque
441 2199 513 2244 sam
530 2181 574 2244 ob
594 2199 661 2242 rem
675 2179 775 2242 toties
790 2179 933 2280 &deurit
955 2179 1149 2260 praedicata
1165 2200 1185 2242 a
1201 2179 1298 2244 nobis
1314 2190 1494 2264 quaesunt
1514 2177 1534 2238 ei

265 2278 417 2394 3κῇξέἐῇ
443 2285 587 2367 gloriosa
611 2286 747 2348 nomina
772 2285 814 2346 ad
843 2283 1102 2365 impetrandum.
1133 2283 1218 2348 Earn
1247 2283 1448 2360 salutamus,
1469 2301 1536 2366 quae

281 2359 417 2458 citarista·
437 2389 589 2475 gratiam
605 2387 695 2470 apud
721 2385 830 2450 Deum
857 2386 994 2466 invenit,
1023 2387 1237 2472 singulariter
1267 2389 1311 2453 ab
1342 2390 1405 2454 illo
1424 2389 1537 2472 plenam

266 2477 420 2604 523²}pr
439 2493 566 2579 gratid,
581 2493 674 2557 cuius
690 2493 788 2574 copia
804 2493 847 2556 ad
865 2492 1037 2556 universos
1049 2493 1229 2576 proflueret
1243 2517 1250 2558 :
1263 2513 1350 2572 earn,
1366 2496 1423 2560 cui
1441 2469 1538 2558 Domi

263 2607 305 2669 gie
319 2605 418 2682 praeut·
446 2619 508 2663 nus
524 2607 651 2680 quanta
667 2597 819 2660 maxima
829 2593 898 2658 fieri
913 2596 1019 2679 possit
1034 2598 1273 2661 cuniunctione
1287 2598 1443 2663 inhaeret
1455 2615 1537 2674 ;eam,

278 2677 419 2785 “m-{⁸42
446 2703 481 2766 in
493 2699 685 2765 mulieribus
699 2698 905 2777 benedictam,
917 2719 1003 2782 quae
1022 2699 1092 2764 sola
1107 2699 1367 2766 maledictionem
1378 2702 1507 2766 nutu&
1517 2713 1539 2761 et

299 2801 419 2915 abfvim
445 2805 692 2870 benedictionem
716 2805 868 2886 portavit
880 2803 932 2886 (³),
947 2803 1084 2869 beatum
1116 2807 1241 2869 ventris
1274 2807 1325 2869 sui
1352 2806 1502 2882 fructum,
1514 2805 1537 2865 in

264 2881 299 2931 μ
326 2883 374 2918 m'
446 2930 513 2994 quo
528 2907 750 2973 benedicentur
766 2927 874 2971 omnes
883 2917 1014 2989 gentes:
1026 2927 1100 2972 eam
1117 2910 1253 2973 demum
1264 2908 1419 2973 Matrem
1434 2909 1496 2974 Dei
1504 2909 1539 2971 in-

445 3033 604 3079 vocamus
623 3034 691 3092 ;ex
706 3031 773 3094 qua
789 3013 956 3094 dignitate
972 3012 1108 3076 excelsa
1123 2997 1289 3095 quid'non
1298 3025 1364 3095 pro
1383 3014 1474 3078 nobis
1486 3025 1539 3096 pu·

445 3114 607 3180 caloribus
621 3114 806 3178 certissime
822 3126 998 3198 exposcat,
1013 3116 1094 3199 quid
1127 3135 1194 3180 non
1213 3136 1387 3200 speremus
1405 3119 1438 3182 in
1466 3113 1539 3181 omni

447 3221 516 3283 vita
532 3229 565 3282 et
581 3219 614 3282 in
628 3237 737 3300 agone
755 3217 891 3298 spiritus
909 3218 1056 3282 ultimo?

319 3331 425 3382 Rosarrt
493 3322 697 3386 Huiusmodi
722 3321 874 3403 precibus
906 3321 1142 3404 mysteriisque
1167 3322 1225 3405 qui
1256 3324 1350 3387 omni
1384 3323 1541 3408 diligentia

269 3404 422 3525 ‘'5222ss
448 3439 481 3494 et
498 3427 563 3494 fide
580 3429 755 3503 vacaverit,
772 3426 841 3490 fieri
857 3437 947 3491 certe
964 3429 1080 3511 nequit
1097 3438 1133 3493 ut
1150 3447 1218 3493 non
1242 3430 1275 3492 in
1299 3428 1539 3494 admirationem

270 3527 363 3590 rusque
382 3529 421 3604 ¹³⁸,-
449 3533 595 3615 rapiatur
615 3531 656 3595 de
687 3531 809 3593 divinis
826 3532 859 3594 in
884 3548 1007 3612 magna
1024 3529 1165 3614 Virgine
1183 3530 1333 3596 consiliis
1349 3529 1394 3596 ad
1411 3547 1539 3596 commu·

271 3599 421 3718 wezil]
448 3655 525 3700 nem
542 3637 693 3718 gentium
710 3632 853 3697 salutem
869 3643 990 3717 ;atque
1007 3634 1107 3699 alacri
1133 3635 1256 3718 gestiet
1288 3633 1414 3700 fiducia
1438 3655 1505 3699 sese
1517 3633 1540 3693 in

287 3723 424 3852 Jffl'ss
448 3741 589 3806 tutelam
612 3741 683 3804 eius
713 3741 891 3822 sinumque
918 3741 1074 3823 recipere,
1101 3760 1141 3805 ea
1173 3740 1240 3804 iere
1271 3742 1381 3806 sancti
1399 3735 1540 3805 Bernardi

270 3854 424 3967 Bwpptilfit
448 3850 696 3914 obtestatione:
713 3845 911 3926 Memorare,
929 3848 1107 3930 opiissima
1130 3848 1231 3931 Virga
1247 3847 1376 3926 Martia,
1394 3867 1541 3931 nunquan

266 3919 422 4047 3521,ss
447 3953 600 4019 auditum
612 3973 634 4016 a
648 3953 772 4015 saeculo
786 3973 982 4035 quemquam
997 3951 1045 4016 ad
1053 3963 1110 4016 tua
1121 3963 1302 4016 currentem
1310 3954 1490 4036 praesidia,
1499 3961 1541 4012 tac
1578 4023 1579 4028 η

271 4049 310 4099 ‘¹²‘
447 4059 674 4142 implorantem
695 4057 832 4134 auxilia,
853 4068 912 4120 tua
920 4067 1080 4138 petentem
1102 4058 1267 4142 suffragia
1281 4079 1349 4126 esse
1364 4059 1539 4123 derelictum·

478 4233 497 4266 1.
516 4221 592 4265 Serm.
611 4228 638 4262 vr
655 4218 683 4262 tn
693 4217 806 4277 sestisB¹
824 4217 861 4264 M.
880 4216 906 4265 V.
925 4217 1092 4270 deducens.
1110 4230 1133 4264 a.
1148 4217 1167 4271 1.
1182 4231 1202 4264 c.
1221 4231 1241 4264 2,
1260 4242 1290 4252 -
1306 4231 1327 4262 2.
1349 4219 1421 4264 Cant.
1437 4229 1464 4270 u,
1480 4229 1507 4268 st
1519 4231 1536 4242 -
1578 4173 1579 4252 b

447 4303 467 4348 3.
489 4287 512 4334 S.
526 4287 642 4336 Thomas.
657 4285 698 4344 Op.
717 4285 928 4344 vrtrsupersalret.
947 4285 1037 4344 angel..
1050 4299 1074 4332 n.
1092 4287 1114 4331 8.
