3222 4888
437 292 505 382 178
535 313 651 364 nerse.
673 313 831 364 aucrcu.
855 301 875 329 “
894 313 1114 368 consanum
1134 313 1418 366 uuuoxuoauu.
1433 291 1450 316 ”

253 480 312 538 pere
328 475 407 522 inter·
432 459 629 544 praesertim
647 459 876 542 insidiosaque
903 461 1134 525 institutorum
1159 459 1415 523 christianorum
1431 479 1526 542 oppu-

256 545 318 668 152³·ss
328 545 408 654 ¹:222
431 563 602 647 gnatione,
633 565 793 628 maiorem
826 566 859 626 in
889 565 1027 628 modum
1055 573 1190 645 oportet
1213 571 1250 625 ut
1277 561 1422 626 universi
1451 565 1525 626 serio

256 671 291 718 ’ὕ
306 669 406 718 turini·
433 670 629 752 naviterque
657 668 870 752 perpendant
896 667 1013 750 quanti
1038 667 1158 730 referat
1174 667 1206 728 in
1232 666 1324 730 omni
1348 675 1526 749 temporum

256 741 314 784 ‘m'
434 793 610 856 rerumque
626 774 791 838 varietate
807 774 934 838 salvam
960 773 1230 856 incolumemque
1247 793 1320 839 esse
1344 773 1378 836 in
1403 775 1528 836 civitate

434 876 640 960 religionem,
656 877 803 960 itemque
826 885 1036 960 quantopere
1063 877 1193 940 intersit
1221 876 1404 959 perfectam
1437 876 1528 939 stabi-

433 981 566 1063 lemque
582 981 645 1044 hac
661 981 694 1043 in
719 1000 753 1045 re
768 981 958 1044 animorum
983 981 1237 1044 consensionem
1249 980 1392 1044 retineri.
1410 980 1529 1046 Caussa

433 1083 590 1148 nimirum
607 1085 718 1166 agitur
732 1084 775 1148 de
802 1104 935 1148 summo
959 1085 1179 1167 maximoque
1194 1085 1346 1149 omnium
1364 1085 1530 1160 bonorum,

432 1195 587 1270 quaeest
614 1187 821 1268 sempiterna
845 1187 1020 1252 hominum
1046 1188 1144 1266 salus,
1168 1209 1276 1272 neque
1299 1190 1411 1252 minus
1435 1191 1477 1253 de
1500 1189 1532 1251 iis

433 1293 514 1376 ipsis
529 1291 767 1356 conservandis
784 1291 983 1374 tuendisque
996 1291 1103 1370 rebus,
1119 1311 1205 1374 quae
1222 1294 1254 1356 in
1273 1292 1361 1356 civili
1378 1293 1531 1356 societate

432 1396 485 1460 vel
511 1398 557 1460 ad
585 1395 732 1479 quietem
759 1393 811 1458 vel
839 1394 881 1458 ad
908 1395 975 1458 veri
992 1395 1137 1458 nominis
1163 1393 1359 1459 felicitatem
1388 1397 1532 1478 impense

433 1509 647 1584 expetuntur.
673 1537 717 1548 -
744 1499 796 1564 lta
824 1499 922 1581 plane
953 1499 1080 1563 excelsi
1106 1499 1153 1563 illi
1181 1499 1250 1574 viri,
1281 1500 1531 1582 gratissimique

289 1606 323 1683 (n
335 1605 405 1652 Reli·
433 1607 543 1674 omnis
559 1603 766 1688 posteritatis
779 1603 942 1666 memoria
964 1602 1068 1686 digni,
1091 1622 1233 1682 sensere,
1250 1603 1307 1683 qui
1324 1604 1357 1666 in
1375 1605 1531 1668 eximium

267 1675 408 1784 {dm
433 1707 639 1776 fortitudinis
678 1706 782 1771 animi
822 1705 1019 1789 exemplum
1058 1708 1181 1790 ubique
1222 1708 1385 1790 gentium,
1426 1709 1532 1790 quavis

278 1800 407 1930 mm
431 1824 552 1892 aetate,
568 1810 706 1876 mirifice
722 1811 911 1888 eluxerunt,
939 1830 1079 1893 seseque
1094 1812 1185 1876 velut
1202 1832 1333 1875 murum
1351 1832 1414 1893 pro
1438 1813 1531 1876 domo

288 1931 405 2008 'verisne
432 1919 497 1983 Dei
515 1917 764 2001 impertierunt;
776 1935 844 1978 non
858 1935 920 1978 sua
932 1917 1047 1992 omnia
1057 1914 1236 1993 solum,sed
1253 1924 1287 1979 et
1304 1915 1412 1978 vitam
1426 1916 1534 1998 ipsam,

282 1996 404 2059 ''W‘'
431 2022 601 2104 religionis
619 2017 857 2100 Ecclesiaeque
873 2019 1001 2096 caussa,
1016 2021 1124 2100 parati
1141 2018 1350 2101 profundere.
1365 2057 1410 2067 —
1424 2020 1533 2102 inquo
1584 2081 1585 2100 ,

288 2141 406 2203 Μω-
433 2125 557 2210 pariter
575 2123 678 2187 habet
701 2121 879 2204 Hungaria
895 2130 1009 2186 vestra
1032 2121 1217 2188 domestica
1233 2123 1405 2204 exempla,
1428 2143 1533 2206 eaque,
1584 2125 1585 2166 l

267 2197 407 2322 mm!
433 2231 535 2313 longo
550 2237 699 2293 aetatum
717 2227 871 2302 decursu,
886 2236 922 2288 et
937 2226 1044 2290 multa
1070 2235 1105 2288 et
1120 2227 1300 2308 praeclara.
1317 2225 1414 2309 Quin
1441 2227 1533 2290 immo

257 2323 409 2453 φῗέξζζῖῗῇ.
435 2338 524 2422 quod
549 2336 622 2419 ipsa
650 2335 683 2398 in
704 2333 870 2398 catholica
893 2328 959 2395 fide
976 2353 996 2394 a
1020 2329 1195 2411 Stephano
1219 2349 1297 2411 rege
1313 2342 1347 2394 et
1371 2329 1533 2414 Apostolo

284 2467 406 2502 recensen-
434 2464 495 2508 suo
521 2448 669 2522 accepta,
694 2437 839 2503 fideliter
869 2445 1131 2516 constanterque
1157 2435 1388 2514 permanserit,
1423 2435 1456 2496 in
1481 2433 1532 2495 hoc

253 2519 407 2648 ganzlinu-
434 2567 525 2621 sane,
551 2553 681 2627 praeter
711 2541 881 2624 singulare
909 2539 974 2603 Dei
1004 2535 1215 2614 beneficium,
1231 2539 1472 2618 agnoscendus
1493 2547 1533 2598 est
1583 2615 1584 2618 Ἴ

326 2647 351 2696 T
346 2653 408 2724 ΜΡ·
435 2653 561 2718 fructus
571 2647 750 2712 firmissimi
767 2644 989 2728 perpetuique
1013 2643 1123 2723 gentis
1140 2642 1234 2705 istius
1252 2642 1420 2724 propositi
1434 2641 1532 2726 ;quod

258 2711 409 2830 ,ῃὲἕᾯζῖᾆ
436 2774 558 2836 nempe
573 2761 703 2816 mature
720 2747 936 2824 intellexerit,
951 2767 1056 2829 quum
1084 2747 1126 2808 de
1142 2745 1304 2828 religione
1320 2757 1487 2827 ageretur,
1500 2747 1534 2809 de

261 2845 410 2972 imezi
437 2857 542 2941 gloria
559 2853 713 2930 nominis,
740 2853 782 2916 de
809 2852 882 2933 ipsa
910 2850 1139 2914 incolumitate
1154 2853 1285 2935 generis
1309 2853 1359 2914 sui
1390 2867 1532 2916 caussam

262 2977 322 3024 nme
337 2973 411 3024 meri·
437 2964 500 3047 agi.
528 2963 653 3026 Mirum
681 2975 885 3039 veroquam
911 2973 1092 3036 generosas
1110 2966 1143 3020 et
1172 2955 1320 3038 insignes
1350 2955 1532 3020 istiusmodi

275 3046 412 3169 dm?
438 3069 625 3135 animorum
642 3063 776 3129 affectio
792 3061 932 3124 virtutes
944 3059 1063 3122 aluerit
1077 3079 1236 3142 :quarum
1253 3079 1318 3142 ope
1334 3059 1389 3123 vel
1408 3061 1443 3124 in
1456 3080 1533 3124 sum·
1582 3123 1583 3126 ,

285 3186 412 3234 mmgen-
439 3174 501 3238 mis
517 3181 708 3252 temporum
724 3163 977 3231 difficultatibus
994 3161 1219 3245 magnitudini
1237 3163 1462 3244 periculorum
1479 3183 1533 3225 non

278 3243 413 3300 tem,un
464 3274 565 3290 „.
813 3269 821 3282 .
917 3267 923 3280 .
995 3265 1039 3280 ··
1239 3267 1247 3281 .
1483 3269 1491 3282 .

304 3302 411 3363 Rnpn.
438 3274 634 3339 drssrmrlem
665 3271 821 3352 Hungarr
847 3264 1056 3330 fortitudinis
1080 3275 1358 3349 constantiaeque
1376 3277 1533 3350 magnitu-

261 3372 413 3480 ἕξτωζζζζ
438 3381 551 3446 dinem
564 3383 801 3460 opposuerunt.
819 3372 945 3436 Earum
963 3389 1045 3433 sane
1068 3371 1236 3454 praesidio
1252 3373 1426 3450 virtutum,
1443 3389 1532 3455 quun

263 3468 342 3560 cpiam
362 3496 412 3546 tur·-
439 3486 574 3548 iteratas
600 3481 818 3545 Tartarorum
842 3473 1058 3550 incursiones,
1073 3483 1145 3538 tum
1169 3477 1270 3539 etiam
1288 3477 1468 3540 diuturnos
1484 3477 1532 3538 im-

262 3566 345 3612 m
441 3605 623 3668 manesque
655 3581 981 3646 Mahumedanorum
1006 3578 1153 3661 impetus
1184 3580 1298 3643 invicti
1332 3579 1534 3644 refutarunt:
1581 3621 1582 3648 2

440 3689 532 3772 digni
549 3704 629 3748 sane
645 3685 701 3766 qui
718 3683 752 3746 in
768 3681 832 3746 hoc
849 3691 918 3746 tam
948 3683 1135 3766 periculoso
1152 3687 1335 3750 certamine
1360 3686 1405 3749 ab
1421 3684 1533 3749 exteris

441 3795 542 3862 etiam
559 3787 756 3872 gentibus,a
773 3786 982 3870 principibus
1009 3789 1158 3866 summis,
1181 3789 1331 3852 maxime
1355 3811 1375 3852 a
1399 3787 1535 3852 romanis

442 3895 668 3972 Pontificibus,
684 3893 776 3956 omni
802 3892 1039 3956 adiuvarentur
1065 3891 1236 3972 subsidio;
1263 3893 1479 3975 nequeenim
1500 3889 1533 3951 de

441 4005 507 4070 fide
533 3998 771 4067 tantummodo
800 3997 1008 4080 imperioque
1037 3995 1286 4078 Hungarorum,
1314 3997 1373 4060 sed
1402 3997 1447 4058 de
1473 3994 1533 4074 ipsa

442 4109 602 4191 religione
623 4101 800 4178 catholica,
825 4102 867 4164 de
892 4100 1087 4167 Occidentis
1111 4099 1219 4162 salute
1245 4099 1479 4164 dimicabatur.
1499 4129 1532 4141 -

443 4212 553 4282 Simili
570 4209 698 4273 ratione
714 4205 936 4270 recentiorum
961 4203 1168 4269 saeculorum
1183 4203 1355 4286 procellas,
1372 4221 1460 4286 quae
1474 4210 1531 4262 tarn

443 4335 560 4406 graves
587 4310 676 4395 apud
701 4309 860 4375 finitimas
887 4317 1005 4393 gentes
1037 4308 1171 4373 edidere
1199 4308 1320 4385 ruinas,
1345 4307 1407 4372 etsi
1424 4321 1528 4369 eamn
