3296 4886
337 286 338 303 ¹
401 317 445 367 ro
598 315 780 367 aarsrom
807 312 1018 366 suevcmcn
1047 301 1068 331 ‘⁴
1092 288 1299 365 ocrosn1”

268 479 369 542 quidem
396 467 519 549 incepit
536 465 715 548 valuitque.
736 503 779 514 -
802 464 926 528 Divina
950 463 1090 528 consilia
1117 464 1260 527 addecet
1284 459 1504 545 magnacum

218 545 370 723 ffigtassfg
396 567 555 653 religione
580 571 711 635 intueri.
739 569 844 632 Filius
861 567 926 632 Dei
954 577 1119 642 aeternus,
1147 568 1327 650 quum,1ad
1355 566 1501 631 hominis

225 691 267 752 ,Μ
283 676 305 724 is
323 682 371 738 per
396 675 661 758 redemptionem
678 685 712 740 et
727 677 839 753 decus,
854 674 1001 738 hominis
1029 683 1183 738 naturam
1208 672 1309 737 vellet
1325 673 1503 755 suscipere,

219 741 369 864 ’Μ’Ᾰὲἔῖ,
396 799 502 863 eaque
515 799 549 842 re
565 780 745 862 mysticum
763 779 934 862 quoddam
952 798 1028 842 cum
1046 778 1201 842 universo
1217 779 1365 840 humano
1381 796 1502 858 genere

397 884 537 948 initurus
553 895 641 949 esset
656 884 871 960 connubium,
887 903 954 947 non
983 883 1016 946 id
1045 891 1122 948 ante
1138 881 1278 965 perfecit
1292 901 1395 964 quarn
1407 881 1503 944 liber·

396 987 480 1050 rima
504 989 683 1052 consensio
709 989 903 1052 accessisset
930 987 1127 1070 designatae
1145 986 1274 1064 Matris,
1289 1005 1376 1069 quae
1399 987 1504 1068 ipsius

395 1080 691 1172 generishumani
717 1111 896 1174 personam
924 1092 1182 1174 quodammodo
1208 1090 1341 1172 agebat,
1360 1092 1403 1154 ad
1428 1109 1503 1153 eam

396 1194 557 1260 illustrem
574 1197 850 1279 verissimamque
864 1195 1045 1279 Aquinatis
1057 1195 1261 1260 sententiam
1276 1195 1365 1258 :Per
1373 1215 1502 1258 annun-

395 1299 564 1364 tiationem
578 1301 803 1382 expectabatur
828 1321 999 1365 consensus
1024 1299 1183 1382 Virginis,
1199 1300 1262 1363 loco
1274 1300 1373 1364 totius
1388 1301 1504 1364 buma-

396 1424 456 1466 nae
471 1412 610 1467 naturae
625 1403 675 1486 (1).
694 1405 750 1468 Ex
778 1425 845 1487 quo
870 1425 938 1468 non
965 1405 1076 1468 minus
1102 1423 1180 1467 vere
1202 1405 1401 1487 proprieque
1417 1403 1503 1468 affir-

397 1526 488 1569 mare
505 1506 590 1584 licet,
607 1507 688 1570 nihil
713 1529 848 1589 prorsus
872 1509 915 1570 de
940 1526 1126 1590 permagno
1154 1507 1213 1570 illo
1240 1507 1351 1570 omnis
1375 1509 1504 1588 gratiae

398 1608 564 1684 thesauro,
579 1629 680 1692 quern
697 1611 810 1674 attulit
828 1610 1006 1687 Dominus,
1021 1610 1190 1693 siquidem
1202 1607 1319 1691 gratia
1333 1618 1365 1672 ct
1380 1609 1506 1672 veritas

394 1723 452 1794 per
465 1712 575 1777 Iesum
593 1713 762 1780 Christum
768 1716 867 1795 facta
882 1724 930 1778 est
944 1715 998 1796 (²),
1015 1713 1096 1776 nihil
1125 1714 1231 1789 nobis,
1258 1712 1321 1774 nisi
1346 1733 1405 1795 per
1431 1711 1504 1776 Ma·

399 1818 491 1892 riam,
508 1817 583 1881 Deo
598 1819 645 1882 sic
662 1819 804 1896 volente,
820 1818 1003 1900 impertiri:
1020 1827 1065 1894 ut,
1082 1837 1149 1900 quo
1166 1818 1268 1880 modo
1279 1819 1322 1880 ad
1333 1835 1502 1880 summum

400 1922 543 1998 Patrem,
560 1923 621 1984 nisi
638 1941 696 2004 per
713 1923 845 2001 Filium,
859 1943 961 1986 nemo
977 1929 1090 2005 potest
1105 1922 1275 2001 accedere,
1293 1925 1339 1986 ita
1352 1921 1429 1997 lere,
1441 1921 1504 1984 nisi

398 2045 457 2108 per
472 2027 627 2101 Matrem,
644 2026 800 2089 accedere
825 2045 924 2089 nemo
939 2027 1046 2108 possit
1062 2027 1105 2090 ad
1123 2025 1302 2091 Christum.
1325 2063 1367 2075 -
1389 2025 1503 2109 Quan-

221 2127 373 2194 infirmitati
398 2138 469 2191 turn
486 2127 520 2191 in
538 2128 600 2191 hoc
617 2129 682 2191 Dei
705 2128 845 2192 consilio
861 2137 894 2193 et
917 2129 1103 2212 sapientiae
1119 2140 1152 2194 et
1171 2130 1417 2193 misericordiae
1433 2129 1502 2192 elu-

243 2195 371 2319 fflffssf
398 2231 470 2294 cet!
488 2241 614 2314 quanta
629 2232 672 2295 ad
689 2232 953 2298 imbecillitatem
970 2231 1255 2316 fragilitatemque
1267 2233 1413 2296 hominis
1426 2251 1504 2296 con·

211 2325 289 2456 14¹2ss
291 2324 374 2452 ff
398 2340 584 2404 venientia!
602 2338 704 2404 Cuius
721 2361 867 2422 namque
883 2341 1070 2407 bonitatem
1080 2343 1248 2406 credimus
1261 2344 1504 2426 laudamusque

235 2456 313 2505 utram
328 2455 371 2503 ad·
399 2443 573 2521 infinitam,
586 2443 735 2507 eiusdem
749 2443 914 2508 infinitam
931 2445 1098 2510 credimus
1115 2455 1149 2510 et
1161 2465 1313 2510 veremur
1327 2447 1504 2524 iustitiam;

234 2527 372 2650 m'gssssaj‘ss'o'f
399 2557 432 2610 et
447 2567 548 2628 quem
565 2547 834 2612 amantissimum
862 2548 1085 2627 Servatorem,
1108 2551 1280 2631 sanguinis
1304 2552 1505 2632 animaeque

235 2651 373 2729 vidit'non
398 2653 585 2734 prodigum,
601 2653 824 2728 redamamus,
846 2654 1003 2718 eumdem
1029 2670 1096 2719 non
1121 2655 1328 2719 exorabilem
1358 2653 1502 2720 iudicem

220 2715 371 2845 mm.
399 2755 683 2836 pertimescimus:
711 2771 813 2837 quare
837 2755 1001 2820 sactorum
1027 2759 1231 2822 conscientia
1255 2757 1395 2838 trepidis
1420 2775 1506 2839 opus

252 2847 373 2977 “mg
398 2859 536 2922 omnino
551 2860 767 2940 deprecatore
783 2880 822 2924 ac
839 2869 991 2942 patrono,
1000 2861 1058 2944 qui
1071 2871 1105 2926 et
1116 2883 1239 2943 magna
1252 2863 1294 2925 ad
1309 2863 1420 2926 Deum
1432 2859 1505 2942 pol-

267 2992 372 3027 mmm

251 2994 267 3042 q
398 2962 464 3026 leat
477 2972 595 3045 gratia,
610 2971 643 3025 et
659 2961 868 3045 benrgnrtate
885 2972 928 3028 srt
944 2983 1046 3028 anrmr
1064 2974 1167 3040 tanta,
1181 2965 1304 3028 nullrus
1320 2972 1357 3027 ut
1374 2973 1504 3027 recuset

233 3042 372 3159 8⁶3,ss
397 3063 658 3146 desperatissimi
672 3067 905 3146 patrocinium,
916 3065 1125 3151 afflictosque
1135 3068 1349 3149 iacentesque
1361 3067 1394 3130 in
1409 3085 1504 3150 spem

235 3173 372 3250 misericqr·
398 3169 503 3252 erigat
519 3168 717 3233 clementiae
729 3169 872 3236 divinae.
884 3171 964 3254 Ipsa
980 3171 1243 3252 praeclarissime
1253 3171 1373 3236 Maria:
1384 3179 1504 3254 potens

317 3239 369 3288 Μ’
398 3294 437 3337 ea
454 3273 599 3356 quidem,
616 3273 680 3336 Dei
709 3295 829 3354 parens
854 3275 1107 3357 omnipotentis,
1123 3277 1192 3353 sed,
1207 3275 1298 3358 quod
1326 3275 1415 3357 sapit
1431 3273 1505 3339 dul-

397 3378 477 3454 cius,
508 3377 623 3456 facilis,
654 3379 869 3462 perbenigne,
911 3379 1215 3462 indulgentissima.
1246 3378 1366 3442 Talem
1406 3378 1504 3441 nobis

396 3481 563 3564 praestitit
589 3480 692 3558 Deus,
708 3484 770 3560 cui,
786 3483 850 3546 hoc
875 3483 949 3565 ipso
975 3485 1065 3566 quod
1084 3481 1263 3564 Unigenae
1286 3481 1337 3546 sui
1363 3491 1504 3546 matrem

397 3583 507 3664 elegit,
524 3592 692 3648 maternos
709 3583 809 3667 plane
834 3583 956 3650 indidit
987 3605 1115 3664 sensus,
1130 3585 1222 3649 aliud
1239 3585 1322 3648 nihil
1339 3585 1505 3667 spirantes

397 3687 461 3751 nisi
485 3707 635 3751 amorem
660 3697 696 3752 et
719 3689 873 3766 veniam;
900 3688 1002 3753 talem
1031 3690 1121 3753 iacto
1144 3709 1205 3753 suo
1234 3689 1327 3753 lesus
1351 3682 1506 3754 Christus

397 3791 554 3868 ostendit,
580 3809 684 3872 quum
711 3790 838 3856 Mariae
862 3794 1000 3857 subesse
1025 3802 1059 3857 et
1084 3793 1317 3876 obtemperare
1343 3803 1379 3858 ut
1405 3791 1505 3857 matri

398 3892 485 3958 lilius
501 3903 622 3976 sponte
637 3893 763 3959 voluit:
779 3896 880 3960 talem
897 3897 940 3962 de
951 3918 1048 3962 cruce
1066 3898 1281 3982 praedicavit,
1297 3917 1401 3980 quum
1430 3898 1503 3962 uni·

398 3997 590 4062 versitatem
607 3997 746 4062 humani
765 4001 905 4082 generis,
922 4001 955 4064 in
974 4001 1101 4066 Ioanne
1130 4001 1305 4085 discipulo,
1320 4001 1505 4066 curandam
1575 4019 1577 4025 ⁴

402 4101 432 4164 ei
447 4099 694 4183 fovendamque
720 4103 911 4183 commisit;
937 4103 1039 4168 talem
1065 4105 1210 4188 denique
1237 4123 1273 4167 se
1300 4105 1395 4167 dedit
1422 4103 1508 4185 ipsa,

398 4223 484 4285 quae
511 4223 585 4267 eam
613 4205 767 4269 immensi
793 4206 916 4271 laboris
942 4207 1173 4286 hereditatem,
1189 4231 1209 4272 a
1235 4209 1398 4273 moriente
1415 4208 1504 4273 Filio

431 4341 449 4373 r.
465 4328 511 4380 iil,
525 4343 547 4388 q.
562 4339 627 4382 xxx,
638 4345 660 4376 a.
675 4345 693 4376 1.
708 4357 736 4365 -
753 4347 773 4378 2.
786 4335 867 4387 loon..
881 4345 897 4388 1,
913 4347 947 4392 17.
