3250 4888
486 253 536 304 ne
556 251 678 304 ansus
696 249 872 304 unumne
1165 245 1237 315 119

127 401 320 486 relegatque
339 401 541 466 aconsortio
557 401 710 485 gentium
728 410 925 477 ceterarum,
941 401 1067 483 quibus
1084 401 1240 483 explora·
1315 417 1382 506 (ῥέῃ

129 515 251 570 tumet
271 523 467 589 persuasum
493 515 544 571 est
560 504 688 569 ordinis
703 513 737 570 et
762 505 933 568 felicitatis
950 504 1108 586 publicae
1131 503 1240 570 firma·
1309 516 1384 580 1892.

128 619 243 674 menta
258 628 332 674 esse
347 608 518 692 religionis
535 608 673 687 cultum,
689 617 723 676 et
739 609 772 672 in
786 607 911 694 eosqui
928 609 1131 674 auctoritate
1146 627 1240 694 prac-
1286 645 1290 657 ·

21 765 23 770 ,
130 722 224 778 stant
240 715 499 780 observantiam.

174 803 226 882 Ea
248 816 357 882 Nobis
388 835 483 900 spem
516 813 670 893 afferunt,
702 815 792 880 haud
826 815 1021 880 diuturnam
1055 814 1126 880 lore
1156 816 1243 880 hanc
1271 816 1404 893 Eamspe5

128 927 377 1002 tempestatem,
393 919 544 984 maxime
562 939 667 1002 quum
685 938 779 982 sacra
802 929 969 983 testentur
985 919 1129 1002 eloquia,
1146 919 1243 982 datu·
1271 882 1396 997 {zm

130 1041 203 1086 rum
221 1041 288 1088 non
306 1021 497 1088 esseDeum
511 1024 545 1086 in
561 1032 734 1087 aeternum
746 1021 999 1086 fluctuatIonem
1013 1022 1242 1088 iusto.Eadem
1273 1012 1377 1130 ⁸¹⁶AE
1398 1084 1410 1127 Ι

128 1145 190 1208 spe
206 1127 386 1192 sustentari
399 1147 438 1192 ac
455 1124 545 1192 refici
561 1127 704 1190 velimus
722 1145 828 1210 quum
854 1137 897 1205 te,
913 1137 986 1191 tum
1011 1127 1156 1210 reliquos
1184 1126 1242 1210 qui
1272 1093 1405 1222 gaverleia

129 1232 163 1296 in
181 1229 299 1298 Galliis
325 1241 404 1296 sunt
434 1251 605 1296 sacrorum
621 1231 816 1310 Antistites,
828 1241 863 1296 et
887 1251 1002 1296 curare
1026 1231 1180 1296 alacriter
1206 1239 1244 1294 ut
1273 1209 1351 1260 ΨΜ·

131 1333 258 1414 Clerus,
273 1337 325 1400 cui
342 1338 514 1419 praeestis,
525 1337 703 1402 conatibus
721 1337 858 1402 Nostris
886 1337 1104 1414 obsecundet,
1118 1335 1243 1401 versari

127 1440 266 1504 studeat
287 1439 374 1503 inter
390 1437 516 1519 fideles,
532 1459 590 1504 eos
606 1441 729 1504 docere
745 1439 919 1504 christiani
947 1439 1094 1503 hominis
1125 1437 1244 1515 officia,

129 1545 245 1608 iuvare
257 1563 318 1626 pro
331 1544 377 1607 rei
394 1543 493 1626 copia
508 1544 667 1626 corporis,
683 1545 808 1607 nedum
826 1544 939 1620 animi,
957 1542 1173 1620 subsidiis,et
1184 1543 1243 1608 do

129 1647 298 1712 cumentis
314 1649 478 1711 instruere
490 1667 511 1710 a
526 1645 637 1712 Nobis
654 1647 797 1726 traditis,
813 1667 900 1730 quae
911 1667 951 1711 eo
967 1655 1123 1730 spectant
1139 1645 1243 1728 potis-

129 1751 215 1816 sime
231 1759 268 1814 ut
284 1769 370 1833 quae
386 1751 455 1818 duo
465 1759 544 1816 sunt
562 1751 652 1814 mala
667 1753 862 1816 taeterrIma
878 1771 898 1814 a
915 1749 1023 1816 Gallis
1039 1756 1244 1817 avertantur,

130 1856 290 1920 nimirum
307 1855 477 1938 religionis
493 1857 622 1922 iactura
638 1866 672 1921 ct
685 1857 856 1939 prolapsio
873 1874 1013 1920 morum.

176 1958 268 2042 Quin
294 1960 421 2042 optatis
447 1960 539 2024 hisce
556 1960 690 2025 Nostris
716 1969 910 2024 constanter
925 1957 1067 2041 obsequi
1100 1965 1243 2040 pergant
1304 1977 1411 2056 ΜΨ.

129 2081 250 2128 omnes
267 2061 471 2128 Gallicarum
489 2065 694 2129 dioecesium
713 2065 896 2141 PraesuIes,
912 2084 974 2148 pro
989 2083 1030 2128 ea
1051 2081 1153 2146 quam
1181 2081 1240 2126 ex·
1271 2041 1425 2159 ffjrffla‘

129 2167 217 2250 perti
228 2186 343 2231 sumus
359 2187 475 2232 eorum
493 2169 526 2231 in
544 2168 617 2232 Nos
633 2168 808 2236 voluntate
825 2187 892 2232 non
909 2168 1104 2232 dubitamus
1123 2189 1130 2230 :
1146 2166 1189 2228 de
1207 2175 1240 2228 te
1270 2175 1340 2251 ads,
1352 2174 1425 2224 Sedu

129 2269 213 2353 quin
245 2270 396 2334 omnium
427 2271 540 2336 studia
571 2271 695 2350 vincas,
711 2272 851 2336 minime
882 2267 1240 2353 ambigimus-Hac
1262 2241 1400 2372 ᾖξ’·

128 2382 245 2438 autem
262 2371 383 2446 fiducia
409 2373 494 2452 Ireti,
510 2375 581 2452 tibi,
592 2374 808 2440 Venerabilis
836 2375 964 2452 Frater,
979 2375 1070 2440 clero
1085 2383 1119 2438 et
1136 2371 1241 2436 fideli·

130 2476 194 2540 bus
215 2483 293 2540 tuae
316 2476 512 2560 vigilantiae
534 2478 748 2556 concreditis,
765 2479 1002 2562 Apostolicam
1033 2476 1241 2542 benedictio·

129 2599 210 2644 nem
226 2591 440 2664 peramanter
455 2584 489 2645 in
508 2581 659 2648 Domino
672 2584 892 2668 impertimus.

173 2683 305 2748 Datum
339 2683 470 2749 Romae
508 2687 597 2769 apud
631 2687 665 2752 S.
697 2688 835 2752 Petrum
867 2687 923 2752 die
955 2700 1049 2750 xxm
1083 2683 1243 2750 Octobris

129 2801 345 2866 MDcccxcss,
363 2788 585 2856 Pontificatus
600 2790 718 2858 Nostri
732 2813 824 2857 anno
840 2793 973 2856 decimo
991 2792 1119 2874 quinto.

756 2955 851 3022 LEO
878 2953 940 3022 PP.
966 2953 1067 3019 XIII.
