3250 4888
519 429 837 512 EPISTOLA

489 623 547 685 Ad
563 622 672 682 card.
690 621 859 681 Gibbons

147 767 299 958 ΕωοΕ
318 795 525 857 senous
547 793 776 858 eunucus
795 793 849 851 nu
872 795 1114 856 unomen.

117 1067 407 1146 &malemaine
441 1074 684 1147 saepenumero
725 1065 894 1128 edidimus
931 1078 1130 1146 argumenta
1158 1081 1230 1136 tum
1315 1096 1351 1141 ,π
1381 1120 1400 1152 „

117 1147 143 1295 ἒ
278 1145 302 1220 l?
337 1170 811 1251 sollicitudinis,quatenemur
823 1189 902 1249 erga
915 1167 1029 1233 fideles
1046 1191 1231 1237 sacrorum·
1289 1144 1374 1262 'Q'

117 1297 142 1370 sp
174 1183 303 1444 Q
337 1294 401 1356 que
427 1273 610 1337 Antistites
634 1272 879 1335 foederatarum
896 1271 1075 1336 Americae
1098 1285 1231 1358 septen·
1298 1305 1413 1364 Prone:
1457 1273 1460 1281 ‘

115 1371 269 1445 etse*-
336 1377 489 1442 trionalis
504 1377 762 1452 civitatum‚tum
780 1374 956 1456 singularis
967 1377 1230 1455 benevolentiae,
1256 1379 1397 1460 nevqlenrra

115 1501 184 1564 qua
199 1491 329 1562 partem
347 1485 445 1545 istam
465 1481 635 1545 Dominici
652 1479 761 1561 gregis
785 1479 1047 1560 complectimur.
1073 1483 1130 1546 Ad
1146 1483 1228 1546 haec
1255 1457 1393 1560 &gg-{2
1464 1501 1467 1506 “

116 1586 198 1649 illud
225 1589 365 1650 accessit
391 1587 482 1650 haud
508 1606 589 1650 sane
615 1586 795 1648 obscurum
821 1585 923 1646 animi
941 1585 1057 1648 Nostri
1075 1589 1227 1651 testimo·
1254 1575 1395 1706 ssssjsjm‘»

114 1692 218 1768 nium,
233 1693 324 1774 quod
341 1693 384 1754 ad
400 1713 460 1754 vos
478 1691 664 1753 miserimus
682 1689 883 1770 Delegatum
899 1687 1061 1752 Nostrum
1078 1691 1227 1756 Venera-
1253 1658 1406 1769 nuperesse-

114 1795 216 1858 bilem
234 1796 386 1858 Fratrem
404 1794 620 1857 Franciscum
637 1792 937 1875 Archiepiscopum
951 1793 1000 1856 tit.
1012 1793 1227 1875 Naupacten-
1253 1770 1407 1903 QZ&

114 1920 196 1974 sem,
226 1901 332 1963 virum
360 1900 543 1981 egregium,
565 1898 716 1961 doctrina
749 1917 814 1960 non
844 1897 954 1959 mInus
978 1917 1080 1978 quarn
1105 1900 1227 1962 virtute
1253 1908 1342 1952 turum
1362 1921 1404 1954 no-

114 2013 341 2085 praestantem
358 2025 366 2080 ;
382 2010 482 2084 prout
497 2022 556 2065 vos
573 2001 646 2083 ipsi,
662 2003 695 2063 in
712 2001 870 2082 proximo
886 2000 1226 2084 Archiepiscoporum
1252 1971 1404 2084 mm

113 2125 283 2178 conventu
301 2113 538 2178 Neo-Eboraci
564 2111 690 2189 habito,
706 2111 817 2194 palam
842 2112 955 2175 testati
979 2113 1068 2191 estis,
1085 2114 1133 2176 ita
1148 2134 1226 2176 con·
1247 2101 1405 2228 mm

115 2218 287 2284 firmantes
304 2217 471 2294 fiduciam,
494 2237 580 2300 quae
604 2219 637 2278 in
664 2216 841 2297 prudentia
864 2216 935 2278 eius
952 2237 971 2277 a
989 2216 1095 2280 Nobis
1120 2216 1227 2281 suerat
1252 2232 1382 2308 copiaqu-

113 2319 288 2384 collocata.
307 2319 415 2400 ipsius
432 2327 544 2381 autem
563 2317 686 2399 legatio
714 2337 755 2380 eo
782 2317 886 2380 valuit
902 2317 1047 2398 primum
1065 2327 1102 2382 ut
1118 2319 1226 2401 publi·
1251 2313 1405 2427 gnam

113 2445 190 2489 curn
217 2445 236 2487 a
266 2424 374 2487 Nobis
390 2432 523 2487 extaret
539 2423 770 2486 testimonium
788 2431 821 2486 et
837 2443 1022 2504 propensae
1038 2424 1225 2488 voluntatis
1250 2429 1384 2490 expositas,

113 2547 194 2610 erga
209 2527 352 2610 patriam
381 2536 525 2591 vestram
555 2535 588 2590 et
616 2546 759 2609 magnae
779 2527 1040 2592 existimationis
1063 2549 1143 2610 erga
1166 2524 1223 2593 eos

112 2633 171 2715 qui
188 2632 262 2696 istic
279 2631 480 2714 reipublicae
495 2651 571 2694 curn
588 2639 757 2713 potestate
777 2641 957 2712 praesunt:
974 2633 1111 2696 nomine
1133 2636 1223 2698 enim

114 2735 242 2800 Nostro
258 2735 432 2800 adfuturus
446 2735 501 2798 ille
511 2745 581 2799 erat
594 2736 628 2797 in
640 2736 852 2799 dedicatione
867 2735 1095 2816 amplissimae
1106 2739 1224 2819 copiae

111 2840 352 2904 excellentium
368 2861 469 2904 omne
485 2859 591 2923 genus
607 2859 716 2903 rerum
733 2841 766 2902 in
778 2839 860 2903 urbe
876 2839 1026 2923 Chicago
1038 2843 1224 2924 expositae,

111 2943 208 3008 cuius
234 2955 267 3008 et
298 2945 371 3008 Nos
398 2945 578 3026 participes
605 2944 790 3019 extitimus,
816 2963 836 3006 a
868 2943 1076 3024 praesidibus
1103 2945 1224 3010 iisdem
1260 2969 1401 3017 acincivr-

110 3048 254 3112 comiter
269 3049 409 3113 invitati.
427 3049 477 3112 At
498 3048 647 3112 eiusdem
675 3067 754 3110 vero
777 3046 955 3130 legationis
971 3048 1035 3112 hoc
1051 3060 1224 3130 praeterea
1248 3035 1401 3162 mega

110 3151 177 3216 suit
201 3154 409 3236 propositum
440 3161 478 3216 ut
505 3161 667 3235 perpetua
696 3151 788 3215 fieret
815 3151 1068 3232 quodammodo
1099 3154 1224 3220 Nostra
1247 3166 1387 3214 sedemcol-

109 3257 203 3338 apud
231 3278 290 3320 vos
318 3259 514 3340 praesentia.
533 3257 756 3338 Delegatione
781 3254 980 3336 Apostolica
1005 3269 1223 3338 permanente
1245 3232 1395 3360 mm

109 3360 364 3444 Washingtonii
379 3363 571 3426 constituta.
584 3359 662 3442 Quo
678 3359 767 3423 lacto
780 3358 964 3422 luculenter
979 3360 1223 3428 declaravimus
1248 3363 1283 3440 ²²?
1304 3362 1399 3440 relega-

110 3485 182 3528 non
200 3468 301 3531 modo
317 3467 488 3530 nationem
506 3474 651 3529 vestram
667 3464 806 3546 perinde
830 3484 850 3526 a
878 3464 986 3527 Nobis
1009 3465 1104 3548 diligi
1121 3477 1223 3550 atque
1248 3435 1400 3554 iffi&

109 3569 196 3634 alias
211 3571 361 3634 maxime
374 3570 540 3647 florentes,
551 3569 594 3633 ad
608 3589 690 3652 quas
702 3568 791 3631 viros
807 3587 882 3632 cum
899 3569 1099 3634 auctoritate
1112 3571 1223 3654 legare
1248 3559 1321 3622 ‘⁸7¹⁸'
1342 3559 1399 3624 qua·-

108 3671 355 3750 consuevimus,
371 3671 430 3734 sed
459 3672 561 3734 etiam
588 3690 609 3732 a
634 3669 742 3732 Nobis
758 3668 974 3732 vehementer
989 3671 1098 3752 optari
1116 3683 1152 3736 ut
1168 3692 1222 3736 ve·
1247 3625 1401 3755 23,ιωίἔὲ

109 3783 219 3838 strum
247 3775 454 3856 istorumque
484 3773 633 3838 fidelium
662 3781 798 3837 mutuae
820 3773 864 3836 ad
889 3773 961 3837 Nos
978 3775 1222 3840 coniunctionis
1239 3755 1357 3886 {mit

109 3877 256 3954 vincula,
271 3888 445 3961 tamquam
472 3876 614 3942 filiorum
631 3879 673 3940 ad
691 3885 830 3960 patrem,
845 3879 988 3941 arctiora
1005 3879 1038 3941 in
1055 3880 1128 3942 dies
1143 3900 1221 3944 eon·

110 3983 242 4047 sistant
259 3982 332 4046 Nec
363 3983 435 4046 leve
465 3983 603 4065 quidem
633 3983 784 4066 cepimus
809 4001 854 4046 ex
881 4001 923 4046 eo
946 3982 1103 4046 solatium
1131 3987 1221 4067 quod

110 4100 239 4148 novum
255 4084 318 4148 hoc
336 4085 480 4148 Nostrae
505 4105 583 4167 erga
608 4105 667 4148 vos
694 4085 925 4167 providentiae
949 4086 1108 4150 iudicium
1131 4106 1222 4150 com-

111 4189 225 4254 munis
240 4189 315 4253 istic
330 4199 446 4254 secuta
460 4189 504 4253 sit
524 4191 652 4272 gratiae
675 4190 709 4252 in
734 4188 806 4254 Nos
829 4190 997 4272 studiique
1013 4189 1222 4273 significatio.

159 4294 315 4358 lamvero
331 4313 392 4377 pro
408 4304 549 4377 paterna
576 4293 608 4357 in
634 4313 694 4358 vos
713 4292 936 4358 sollicitudine
953 4293 1078 4359 Nostra
1101 4295 1165 4360 hoc
1187 4295 1220 4359 in
1289 4314 1400 4364 Mando*
