3216 4880
509 492 826 576 EPISTOLA

519 684 577 744 Ad
599 685 633 746 J.
655 685 811 745 Poletto.

122 822 149 963 {3
247 859 312 920 nu
333 858 511 919 o1v1uo
541 857 774 918 posuere
800 858 1080 922 suessan.
1297 897 1302 906 -

109 1153 444 1232 WQIDELEM
467 1143 546 1206 dare
570 1161 708 1224 operam
735 1142 852 1207 divino
878 1145 1027 1225 poemati
1052 1145 1217 1229 Aligherii
1308 1175 1328 1218 3

319 1246 423 1310 nostri
440 1246 704 1325 illustrando,est
717 1246 873 1310 nimirum
888 1248 1217 1333 aequedereligione
1281 1219 1355 1336 Ϋεζς

179 1263 242 1424 F
318 1369 357 1412 ac
372 1351 415 1412 de
431 1350 565 1414 civitate
581 1350 667 1414 bene
684 1351 810 1414 mereri.
830 1349 905 1416 Hoc
930 1371 1076 1434 namque
1093 1353 1216 1436 insigni
1320 1389 1395 1439 W,

317 1452 500 1518 litterarum
527 1463 750 1516 monumento
772 1473 895 1536 magna
919 1455 1104 1537 sapientiae
1118 1460 1216 1540 copia
1241 1451 1366 1564 paratur

107 1563 151 1627 de
166 1560 289 1624 divinis
305 1558 529 1640 humanisque
546 1558 644 1622 rebus
668 1559 869 1636 continetur,
886 1559 1037 1624 nondum
1055 1561 1089 1624 in
1106 1561 1214 1628 lucem
1239 1533 1393 1647 plllhmf'lu.

108 1664 240 1748 prolata
256 1664 366 1727 omnis
381 1686 387 1725 :
400 1663 498 1724 cuius
516 1661 718 1744 multiplices
734 1661 860 1726 fructus
877 1661 969 1726 nullo
985 1683 1046 1726 nec
1064 1664 1139 1729 loco
1154 1667 1214 1730 cir·
1237 1649 1373 1766 {maro

107 1767 376 1832 cumscribuntur
393 1783 453 1828 nec
469 1775 629 1847 tempore.
645 1765 796 1848 Quarum
812 1765 883 1830 Nos
894 1785 1003 1832 rerum
1016 1768 1213 1833 iamdudum
1241 1779 1381 1845 susceperi

108 1871 287 1954 explorata
302 1860 515 1952 praestantia,
531 1870 595 1933 hoc
610 1867 681 1933 iore
697 1889 774 1935 cum
792 1889 928 1934 munere
940 1871 1067 1936 Nostro
1080 1882 1113 1936 et
1124 1893 1214 1936 com·
1240 1846 1395 1963 ffi'ssw

108 1977 202 2040 muni
218 1984 418 2038 ornamento
434 1974 591 2055 bonoque
602 1975 818 2038 coniunctum
831 1975 1034 2052 censuimus,
1046 1975 1073 2038 si
1087 1976 1213 2040 eisdem
1241 1977 1362 2052 Poaasex
1459 2055 1462 2062 ¹

106 2079 233 2163 pariter
255 2078 374 2143 studiis
400 2077 511 2141 lavere
537 2079 838 2142 contenderemus:
857 2097 891 2142 re
916 2088 1029 2142 autem
1047 2080 1120 2160 ipsa
1136 2078 1213 2145 effe·
1232 2041 1393 2158 fraqam

107 2185 191 2248 cisse
208 2181 280 2246 Nos
296 2181 423 2263 aliquid
441 2190 475 2245 et
490 2179 628 2256 efficere,
639 2189 827 2244 memoratu
843 2180 1028 2243 iucundum
1040 2191 1100 2266 est.
1113 2181 1144 2244 N
1148 2202 1213 2247 unc
1238 2173 1376 2289 {gwy

106 2306 186 2349 vero
202 2287 288 2350 inter
304 2306 370 2362 eos,
386 2305 529 2368 quorum
547 2283 682 2366 ingenia
705 2292 739 2346 et
756 2283 904 2348 sollertia
926 2284 1024 2347 valde
1042 2283 1150 2349 Nobis
1178 2286 1210 2348 in
1237 2305 1392 2354 sacrariam

106 2391 172 2454 hoc
188 2391 383 2472 probantur,
399 2390 500 2452 etiam
518 2388 589 2464 tibi,
605 2386 728 2451 dilecte
745 2386 799 2464 fili,
813 2386 979 2468 peculiare
995 2387 1103 2452 laudis
1119 2367 1211 2454 testi·
1237 2369 1393 2499 {2²50ssss

105 2495 258 2558 monium
284 2493 365 2557 libet
390 2493 544 2557 tribuere.
562 2492 674 2574 Quam
703 2493 793 2554 enim
810 2492 843 2554 in
861 2500 895 2554 te
912 2490 1067 2556 fiduciam
1095 2493 1211 2558 habui·
1240 2499 1354 2578 impleas,-

109 2619 186 2676 mus
212 2597 423 2673 collocatam,
439 2617 541 2678 quum
570 2596 743 2660 conditum
767 2615 787 2659 a
804 2595 911 2660 Nobis
927 2598 1098 2680 proprium
1115 2598 1211 2663 huius
1239 2573 1392 2680 ww

21 2693 25 2700 ’
103 2702 236 2785 generis
260 2701 490 2783 magisterium
518 2701 579 2764 tibi
612 2701 826 2777 credidimus,
849 2719 925 2763 eam
955 2700 1037 2781 ipse,
1056 2702 1212 2764 docendo
1239 2696 1374 2773 adimpos-

103 2803 357 2886 scribendoque,
378 2803 512 2886 egregie
528 2804 692 2867 sustines:
709 2804 741 2866 id
760 2803 851 2886 quod
868 2802 1070 2867 luculentius
1086 2813 1212 2874 testan-
1240 2770 1389 2888 mm

103 2918 160 2971 tur
183 2927 268 2990 quae
294 2927 400 2988 nuper
426 2907 538 2970 dicata
565 2907 757 2988 accepimus
783 2916 841 2970 tua
867 2909 1018 2971 eiusdem
1047 2910 1213 2989 poematis

101 3017 355 3080 commentaria.
371 3013 451 3098 Quo
478 3016 520 3077 de
544 3034 645 3096 opere
662 3014 832 3077 laborioso
858 3017 1007 3096 gaudeas
1023 3015 1096 3091 tihi,
1120 3035 1214 3097 prae-

102 3117 193 3180 clara
209 3116 414 3178 conscientia
441 3114 551 3192 fretus,
568 3114 754 3204 tequidem
772 3123 806 3177 et
822 3113 990 3195 Aligherii
1006 3114 1135 3196 gloriae
1153 3137 1214 3198 pro

102 3217 189 3282 virili
206 3229 300 3300 parte
323 3217 540 3294 consuluisse,
556 3225 590 3281 et
606 3218 803 3281 adiumenta
818 3219 949 3298 optima
966 3217 1126 3281 studiosis
1143 3222 1214 3284 eius

102 3338 239 3400 parasse
267 3319 373 3384 lectae
389 3321 568 3402 variaeque
583 3319 766 3384 doctrinae.
784 3319 908 3382 Fruere
933 3319 1036 3401 igitur
1059 3339 1213 3402 compro-

101 3422 242 3487 batione
266 3432 299 3486 et
325 3424 434 3506 gratia
458 3423 634 3488 hominum
662 3437 750 3486 recte
778 3423 1077 3501 existimantium;
1105 3423 1214 3488 sruere

101 3527 341 3591 benevolentia
357 3527 492 3602 Nostra,
508 3547 610 3609 quarn
627 3535 705 3591 tuus
726 3529 789 3591 iste
806 3527 1001 3591 elaborandi
1025 3527 1125 3591 ardor
1141 3548 1211 3591 am·

101 3629 243 3712 pliorem
267 3631 300 3694 in
324 3631 395 3694 dies
412 3631 577 3695 conciliat.
594 3631 728 3694 Nostris
745 3642 858 3694 autem
876 3629 1004 3712 coeptis
1032 3641 1135 3713 atque
1151 3651 1210 3694 ex·
1235 3661 1339 3712 eumque

100 3733 286 3815 pectationi
302 3735 532 3799 obsecundare
548 3735 667 3799 sedulo
683 3753 836 3817 pergens,
851 3752 915 3814 age
938 3743 975 3798 ut
991 3735 1063 3816 ipsa
1088 3735 1210 3798 summi
1229 3711 1390 3840 muru:

100 3835 163 3899 viri
180 3854 274 3899 mens
291 3846 324 3900 et
350 3838 519 3902 sententia
541 3857 603 3901 suo
629 3839 662 3901 in
690 3838 816 3901 lumine
843 3839 971 3902 eniteat
986 3859 995 3917 ;
1010 3857 1051 3900 eo
1076 3857 1211 3921 quoque
1232 3843 1370 3921 erinfrnif's

100 3959 169 4005 non
202 3941 413 4005 mediocriter
436 3942 589 4018 valitura,
605 3951 642 4006 ut
668 3943 838 4026 principiis
866 3943 1097 4024 institutisque
1123 3943 1207 4006 chri·
1234 3915 1388 4037 mm}

99 4044 220 4109 stianis
235 4065 296 4108 sua
312 4044 384 4108 laus
410 4055 444 4110 et
455 4046 564 4111 cultus
579 4047 777 4113 vindicetur.
794 4047 915 4132 Neque
939 4048 1029 4110 enim
1051 4048 1210 4129 tempori·
1234 4040 1387 4170 ffifflf·

98 4151 164 4215 bus
175 4148 390 4214 vehementer
402 4147 534 4214 afflictis
545 4151 672 4214 curatio
683 4151 761 4228 ulla,
775 4151 861 4214 sicut
875 4149 1209 4234 oportet,prol'ecerit‚
1231 4171 1382 4234 portuensi.

100 4248 166 4313 nisi
193 4247 395 4314 christianae
427 4251 613 4333 sapientiae
650 4261 805 4314 revocata
844 4251 976 4330 virtute,
1001 4270 1088 4333 quae
1117 4251 1209 4333 viget
1234 4244 1387 4367 mg?

100 4351 256 4436 perennis
282 4353 325 4416 ad
351 4351 495 4418 salutem
533 4355 669 4438 verique
701 4353 849 4417 nominis
877 4353 1126 4418 humanitatem
1156 4353 1208 4418 vel
1234 4367 1362 4442 πέμψε.
