3296 4886
469 300 521 351 DE
548 297 713 352 ROSARIO
739 298 912 350 MARIALI.
1201 291 1243 364 17

134 447 219 512 dum
237 450 392 512 restricte
407 459 460 514 est
473 471 481 528 ;
496 461 646 533 praestat
662 459 777 516 autem
794 449 1002 526 voluntariis,
1017 450 1098 513 dum
1113 449 1181 512 vita
1193 449 1246 524 sit,
1300 463 1364 551 5153
1365 509 1386 550 T

134 549 170 614 id
187 549 306 616 iecisse
323 553 451 636 poenis,
467 554 557 619 unde
582 554 715 618 virtutis
743 552 930 634 praemium
957 553 1105 616 accedat.
1128 587 1171 600 -
1187 551 1244 616 Ad
1310 539 1390 626 1891ss

133 654 229 732 haec,
245 659 384 740 quando
410 658 444 721 in
473 659 617 742 mystico
633 658 758 724 Christi
783 677 931 740 corpore,
945 677 1034 740 quae
1054 665 1105 720 est
1130 655 1244 720 Eccle·
1271 677 1393 737 debemus,

135 761 195 836 sia,
211 779 331 825 omnes
348 771 521 846 tamquam
539 764 692 827 membra
706 761 926 826 coalescimus
943 772 978 825 et
994 763 1157 844 vigemus,
1171 762 1246 837 hoc,
1271 743 1424 873 gffiffa
1441 781 1445 788 ·

135 865 244 928 Paulo
260 875 406 945 auctore,
417 869 644 950 consequitur,
660 876 706 944 ut,
717 867 1006 950 quemadmodum
1023 865 1163 930 laetanti
1180 885 1246 948 qua
1272 883 1328 951 rum
1342 880 1401 938 pro-

134 969 179 1032 de
197 989 232 1032 re
249 970 403 1035 membro
431 977 582 1036 membra
609 982 719 1037 cetera
736 971 967 1048 collaetantur,
983 970 1030 1034 ita
1047 970 1172 1052 pariter
1186 965 1245 1034 do·
1265 939 1428 1068 ssssffssffld

136 1073 221 1136 lenti
248 1076 462 1154 condoleant,
477 1076 542 1140 hoc
566 1086 617 1142 est
643 1077 835 1142 christianis
859 1075 1027 1152 fratribus,
1052 1075 1104 1140 vel
1133 1075 1248 1140 animo
1274 1075 1429 1184 22⁸?qu

137 1177 250 1260 aegris
266 1179 318 1242 vel
335 1200 484 1262 corpore,
501 1179 617 1244 iratres
642 1181 730 1244 ultro
745 1181 956 1258 subveniant,
973 1189 1015 1257 et,
1030 1190 1197 1261 quantum
1214 1181 1247 1246 in
1274 1151 1407 1250 char-idus

138 1284 222 1364 ipsis
239 1292 300 1360 est,
315 1283 522 1350 curationem
549 1285 753 1350 adhibeant:
778 1285 848 1348 Pro
874 1284 1011 1348 invicem
1026 1284 1164 1348 sollicita
1179 1285 1248 1348 sint
1273 1273 1393 1380 222³&

135 1385 293 1451 membra.
310 1385 360 1450 Et
380 1387 414 1450 si
435 1387 520 1468 quid
532 1389 668 1470 patitur
682 1409 786 1452 unum
802 1387 992 1465 membrum,
1007 1388 1249 1470 compatiuntur
1269 1347 1398 1473 perdem-

136 1489 252 1554 omrria
267 1490 413 1554 membra
420 1513 436 1565 ,·
450 1489 520 1556 sive
529 1492 702 1574 gloriatur
722 1513 826 1555 unum
842 1491 1032 1566 membrum,
1046 1489 1249 1572 congaudent
1275 1477 1325 1512 ’'²‘'

135 1595 250 1660 orinia
266 1593 420 1658 membra.
446 1593 509 1658 Vos
519 1595 722 1660 animastis
735 1606 848 1677 corpus
865 1593 992 1660 Christi
1004 1603 1036 1658 et
1050 1592 1195 1658 membra
1209 1591 1249 1654 cie

134 1699 279 1764 membro
292 1699 392 1781 (¹).In
410 1699 474 1762 hoc
490 1708 603 1764 autem
616 1700 765 1764 caritatis
781 1701 974 1782 specimine,
985 1709 1022 1762 ut
1038 1700 1111 1782 quis
1125 1697 1248 1764 Christi

135 1803 299 1887 exemplo
311 1805 479 1882 insistens,
488 1804 545 1886 qui
556 1805 659 1870 vitam
671 1807 713 1868 ad
727 1803 878 1868 omnium
891 1814 1042 1868 nostrum
1054 1804 1249 1868 redimenda

135 1918 283 1989 peccata
301 1909 467 1970 immenso
493 1927 607 1972 amore
634 1907 792 1992 proludit,
808 1908 930 1970 luenda
952 1906 1016 1970 sibi
1032 1908 1173 1970 aliorum
1190 1909 1248 1971 ad·

137 2013 243 2076 missa
260 2012 430 2094 suscipiat,
445 2012 480 2073 in
505 2012 569 2076 hoc
596 2013 732 2076 demum
760 2011 842 2075 illud
869 2011 1060 2075 continetur
1086 2029 1269 2092 magnum.

136 2116 312 2180 vinculum
330 2115 554 2199 perfectionis,
568 2137 636 2199 quo
664 2115 778 2180 fideles
803 2117 889 2179 inter
905 2135 977 2179 sese
993 2126 1026 2178 et
1051 2135 1127 2178 curn
1144 2115 1249 2178 caele·

137 2219 251 2283 stibus
261 2217 391 2282 civibus
403 2220 653 2301 arctissimeque
666 2239 741 2283 cum
756 2219 833 2284 Deo
844 2217 1146 2302 iunguntur-Ad
1160 2238 1249 2282 sum·

134 2331 384 2399 mam,sanctae
396 2323 623 2404 poenitentiae
633 2323 721 2386 actio
732 2333 803 2386 tam
814 2323 905 2386 varia
914 2333 1016 2406 atque
1026 2322 1189 2387 industria
1199 2331 1250 2386 est

134 2437 277 2509 tamque
294 2425 361 2490 late
377 2427 531 2508 pertinet,
543 2435 580 2491 ut
592 2446 666 2490 eam
680 2429 830 2510 quisque,
842 2428 898 2510 pia
915 2427 1017 2490 modo
1030 2437 1063 2490 et
1079 2425 1179 2488 alacri
1192 2445 1250 2490 vo·

134 2532 278 2609 luntate,
294 2529 520 2613 perfrequenti
534 2531 640 2615 possit
657 2551 718 2596 nec
734 2531 900 2596 laboriosa
916 2531 1074 2594 facultate
1084 2549 1248 2594 exercere.

181 2635 316 2712 Restat,
331 2635 550 2700 Venerabiles
567 2635 711 2713 Fratres,
728 2645 773 2712 ut,
789 2655 875 2717 quae
902 2645 1012 2700 vestra
1037 2643 1086 2698 est
1102 2634 1249 2716 singula·
1306 2631 1397 2694 Simu

135 2742 183 2804 ris
212 2749 247 2804 et
273 2739 399 2806 eximia
423 2759 526 2823 quum
556 2740 588 2802 in
618 2740 865 2804 sanctissimam
892 2738 957 2802 Dei
975 2737 1121 2803 Matrem
1141 2739 1249 2821 pietas
1277 2694 1396 2810 mes?

136 2856 213 2908 tum
230 2845 264 2907 in
282 2844 500 2910 christianum
517 2863 653 2926 gregem
681 2844 804 2908 caritas
832 2853 865 2908 et
892 2843 1048 2921 sollertia,
1064 2844 1249 2908 commoni·
1277 2825 1413 2954 {mae

136 2949 242 3012 tionis
252 2948 519 3030 hortationisque
530 2948 675 3012 Nostrae
686 2948 828 3024 exitum,
840 2967 941 3029 opera
952 2957 1071 3024 vestra,
1088 2966 1248 3030 perquam
1277 2955 1404 3014 cuminas,

137 3054 321 3138 optimum,
333 3051 439 3116 Nobis
456 3051 690 3134 polliceamur;
706 3053 874 3134 gestitque
891 3053 1024 3115 animus
1040 3050 1166 3115 fructus
1183 3072 1250 3130 eos,
1277 3021 1389 3199 ῗξὲηἵ
1400 3020 1427 3070 V.

136 3177 228 3241 quos
244 3155 368 3239 pluries
394 3155 569 3238 splendide
596 3155 766 3220 declarata
793 3155 1036 3220 catholicorum
1054 3157 1086 3218 in
1105 3156 1248 3220 Mariam
1277 3152 1412 3267 aim

135 3263 260 3345 religio
276 3261 362 3338 tulit,
377 3260 443 3324 iam
462 3281 549 3324 nunc
567 3261 768 3326 laetissimos
784 3261 1035 3343 uberrimosque
1051 3262 1250 3343 praecipere.
1276 3283 1395 3344 imprae-

134 3368 251 3432 Vobis
267 3367 370 3449 igitur
385 3377 418 3430 et
435 3367 633 3430 vocantibus
649 3375 682 3428 et
706 3365 936 3429 excitantibus
953 3375 987 3430 et
1002 3366 1251 3449 praeeuntibus,
1276 3348 1429 3475 §liddaeiqbe

134 3471 268 3549 fideles,
282 3471 345 3536 hoc
362 3471 557 3553 praesertim
585 3470 744 3554 proximo
772 3489 896 3548 mense,
913 3471 955 3534 ad
980 3491 1055 3533 aras
1071 3471 1250 3535 sollemnes
1269 3477 1376 3554 frufrus
1390 3493 1431 3554 sq-

134 3584 306 3658 augustae
318 3574 469 3657 Reginae
486 3584 520 3638 et
536 3573 797 3657 benignissimae
815 3573 934 3636 Matris
951 3575 1250 3652 conveniant,con-
1277 3545 1432 3658 mm}

134 3687 288 3756 currant,
303 3686 404 3759 atque
432 3678 575 3759 mystica
599 3679 628 3741 ei
657 3689 755 3754 serta,
777 3679 1012 3760 acceptissimo
1029 3677 1161 3742 Rosarii
1178 3681 1252 3756 ritu,
1277 3674 1429 3788 ¹5?ssthfo

137 3783 288 3847 filiorum
317 3801 409 3844 more
436 3790 622 3846 contexant
648 3790 682 3847 et
707 3783 891 3863 praebeant
906 3783 1078 3866 :integris
1104 3804 1161 3865 per
1179 3783 1251 3848 Nos
1278 3804 1402 3864 citatione,

135 3895 247 3968 atque
274 3883 363 3961 ratis,
379 3903 465 3966 quae
492 3885 635 3948 antehac
659 3885 692 3948 in
711 3885 826 3952 haere
842 3906 862 3948 a
879 3885 1141 3968 Nobisrnetipsis
1158 3905 1251 3968 prae·
1275 3875 1411 3934 proventu·

134 3989 268 4070 scripta
281 3987 372 4050 edita
396 3997 430 4049 et
453 3987 543 4050 dona
570 3987 800 4070 indulgentiae
825 4011 939 4054 sacrae
959 4010 1118 4054 concessa
1142 3988 1193 4071 ().
1210 4025 1253 4036 —
1278 3933 1430 4050 im&

167 4123 191 4156 1.
205 4110 298 4162 ICor.‚
313 4119 363 4161 xri,
379 4121 456 4168 25-27.
474 4133 503 4144 -
513 4123 534 4156 a
554 4111 603 4156 Cir.
616 4111 660 4170 Ep.
679 4112 776 4170 Eneycl.
789 4113 905 4169 supremi
918 4114 1080 4173 Apostolatus,
1098 4114 1137 4160 die
1157 4127 1168 4159 1
1184 4113 1250 4171 Sept.

135 4193 181 4227 en.
193 4186 407 4225 trucccrmxxm:
419 4177 464 4236 Ep.
475 4178 572 4237 Encycl.
584 4179 714 4238 superiore
723 4195 795 4234 anno,
805 4181 845 4227 die
855 4191 913 4228 xxx
919 4182 982 4240 Aug.
992 4193 1031 4226 an.
1042 4190 1253 4227 upcccsxxxrv:

135 4249 233 4294 Deeret
250 4245 275 4292 S.
290 4245 318 4290 R.
335 4245 362 4292 C.
378 4245 449 4291 Inter
461 4246 590 4306 plurimos,
606 4245 646 4293 die
664 4255 703 4292 xx
721 4246 783 4306 Aug.
805 4262 844 4294 an.
866 4258 1071 4296 uocecmxxv:
1090 4249 1135 4310 Ep.
1156 4249 1251 4306 Encycl.

136 4313 412 4376 Quanquamplurim
424 4314 464 4362 die
473 4323 510 4360 xv
521 4313 583 4372 nug.
596 4327 635 4362 an.
649 4323 854 4363 uncccuxxxrx.

196 4411 255 4455 Acta
269 4408 346 4454 Leonis
359 4409 428 4455 xm.
1187 4427 1199 4454 2
