3250 4888
274 257 325 306 oa
352 255 547 306 oocrruuu
574 253 602 303 s.
632 253 793 304 ruouse
820 255 862 302 nv
892 254 970 304 soc.
999 255 1096 306 ussu.
1173 255 1240 327 137

133 408 241 469 nitate
258 406 466 467 exoleverint
482 413 540 466 aut
553 403 764 479 defluxerint,
781 404 970 486 frequenter
995 419 1073 468 sunt
1096 408 1242 488 singula·
1310 434 1374 520 offic

133 515 263 594 timque
279 511 486 585 confirmata,
503 511 535 572 in
565 511 827 591 congregatione
854 513 1049 591 praesertim
1067 526 1174 589 xxm,
1188 533 1243 594 pe·
1310 510 1381 594 1892ss

131 615 249 678 culiari
281 615 428 696 quodam
462 615 598 675 decreto
626 614 742 690 edito;
765 615 855 694 quod
895 615 1030 694 quidem
1063 612 1243 692 decretum,
1319 649 1391 708 Quod

32 753 34 758 ·
132 739 239 802 quum
272 717 379 782 Nobis
423 718 567 800 primum
600 717 790 780 exhibitum
821 727 880 794 est,
912 731 978 780 XIV
1007 719 1066 780 cal.
1094 721 1164 782 dec.
1192 739 1243 783 an.
1268 712 1383 772 surra-

134 839 418 901 MDCCCLxxxul,
435 825 728 889 commendatione
748 825 872 888 Nostra
896 827 1037 906 dignum
1055 826 1244 900 habuimus,
1268 786 1420 907 {iiiiii

132 935 232 1016 eique
247 932 330 995 haec
346 931 472 994 volenti
501 931 615 994 animo
635 931 896 1009 adscripsimus:
913 931 1087 992 Decretum
1110 931 1149 992 de
1165 932 1242 993 reti·
1269 917 1398 1040 {msa

132 1037 240 1100 nenda
257 1035 293 1100 S.
308 1035 456 1098 ‘Thamar
471 1035 655 1117 Aquinatis
668 1035 702 1095 in
718 1034 833 1097 schah}
850 1033 1023 1098 Societatis
1034 1034 1111 1100 Iaso
1127 1035 1242 1097 dactri-
1269 1049 1332 1118 tau
1339 1050 1411 1118 prae.

133 1159 186 1210 rea,
202 1139 290 1220 quod
303 1139 337 1200 iu
353 1148 510 1200 caumata
528 1159 645 1218 magua
661 1137 799 1201 Ordinis
816 1150 918 1218 nuper
931 1136 1041 1200 habito
1052 1147 1243 1200 renouatum
1270 1113 1409 1236 ’ξζξῇἕζεὲζ

132 1251 189 1318 est,
204 1241 300 1303 ualde
315 1241 421 1304 Nobis
430 1239 600 1322 probatur,
616 1249 647 1303 ct
659 1241 802 1304 maxime
816 1240 993 1304 hortamur
1010 1251 1048 1303 ut
1062 1241 1244 1322 dilcgcutcb-
1270 1240 1336 1286 ‘'lt'‘

131 1345 215 1408 sime
232 1346 438 1426 inposterum
454 1344 495 1407 ab
510 1345 660 1406 orunilms
677 1355 830 1407 servetur.
1266 1304 1420 1432 {filil-ll:

180 1443 246 1528 Qui
264 1467 364 1529 porro
386 1447 566 1512 Societatis
591 1449 872 1528 praescriptiones
888 1449 930 1510 de
956 1449 1076 1510 studiis
1104 1468 1243 1530 perpen·
1305 1463 1321 1480 ⁴

133 1549 230 1624 derit,
247 1552 274 1610 ei
290 1551 501 1632 perspicuum
516 1552 586 1627 erit,
598 1551 784 1613 doctrinam
798 1549 831 1616 S.
842 1551 995 1614 Thomae
1005 1553 1106 1614 etiam
1125 1553 1156 1614 in
1172 1552 1243 1631 phi·

135 1652 326 1734 losophicis,
344 1675 410 1717 non
433 1655 466 1717 in
483 1655 681 1736 theologicis
710 1663 851 1730 tantum,
864 1676 936 1718 esse
953 1657 1091 1718 omnino
1104 1677 1243 1738 sequen·

132 1757 223 1820 dam.
241 1757 336 1820 Licet
364 1759 452 1821 enim
478 1780 521 1821 ex
553 1759 667 1840 regula
690 1742 880 1842 sequendus
906 1761 948 1822 sit
972 1761 1005 1822 in
1031 1761 1244 1842 philosophia
1323 1787 1421 1846 Regum

133 1861 347 1938 Aristoteles,
357 1861 570 1944 philosophia
588 1861 620 1926 S.
638 1861 791 1924 Thomae
808 1861 888 1925 nihil
902 1863 1039 1926 demum
1056 1863 1121 1926 alia
1134 1874 1184 1926 est
1194 1875 1243 1928 at·
1269 1852 1420 1965 ἶθῗζΐὲῗω

135 1983 202 2047 que
214 1966 404 2030 aristotelea
418 1991 424 2028 ε
438 1966 523 2029 hanc
535 1965 848 2047 nempeAngelicus
861 1965 1080 2030 scientissime
1091 1969 1242 2032 omnium
1269 1934 1332 2030 ihi
1349 1985 1377 2030 in

139 2067 377 2148 interpretatus
409 2079 469 2146 est,
496 2068 583 2130 hanc
608 2069 783 2144 erroribus,
808 2069 960 2150 scriptori
981 2070 1115 2132 ethnico
1146 2070 1243 2133 facile
1263 2049 1418 2176 wilh,

136 2171 381 2249 excidentibus,
411 2173 636 2248 emendatam,
656 2172 871 2234 christianam
904 2171 1069 2250 fecithoc
1101 2174 1242 2255 ipsemet
1268 2179 1372 2228 totalem·

300 2277 306 2290 ,
632 2277 638 2288 ,
692 2276 698 2290 ,
943 2279 950 2290 ,
1062 2277 1069 2291 .
1310 2244 1418 2292 Philosa-

135 2295 214 2336 usus
231 2285 281 2338 est
299 2296 330 2337 m
343 2277 546 2356 exponenda
563 2287 596 2338 et
608 2277 810 2338 vindicanda
827 2275 992 2339 catholica
1003 2286 1151 2342 veritate.
1166 2278 1241 2340 Hoc
1265 2309 1419 2372 patrantem

134 2379 245 2460 ipsum
263 2389 456 2442 numeratur
469 2381 554 2443 inter
570 2399 701 2442 summa
716 2377 884 2456 beneficia,
897 2401 981 2462 quae
999 2401 1123 2462 magno
1133 2381 1241 2464 Aqui·
1268 2376 1294 2423 S.
1313 2375 1419 2423 rhomae

134 2484 204 2546 nati
229 2484 330 2546 debet
366 2483 526 2562 Ecclesia,
557 2487 646 2566 quod
681 2485 897 2548 christianam
927 2485 1132 2570 theologiam
1164 2506 1240 2548 cum
1267 2441 1403 2570 Zlkllqlila

133 2587 355 2668 peripatetica
386 2587 601 2668 philosophia
629 2589 694 2650 iam
728 2597 800 2650 tum
828 2589 1024 2652 dominante
1054 2599 1122 2652 tam
1156 2587 1242 2652 belle
1267 2572 1430 2686 “mm

132 2689 319 2766 sociaverit,
336 2701 371 2752 ut
389 2690 607 2754 Aristotelem
634 2690 769 2755 Christo
786 2691 986 2754 militantem
1015 2691 1081 2754 iam
1099 2712 1165 2755 non
1183 2693 1241 2756 ad·
1267 2655 1401 2779 illusisse

132 2795 316 2856 versarium
348 2794 531 2857 habeamus
548 2794 560 2876 (
580 2795 601 2875 ).
617 2827 661 2836 —-
684 2795 804 2876 Neque
827 2815 906 2857 vero
923 2795 1018 2858 aliter
1042 2795 1085 2857 ab
1108 2815 1149 2856 eo
1171 2794 1239 2858 fieri
1267 2768 1417 2896 ‘mm’

132 2897 341 2977 poterat‚qui
365 2897 541 2959 doctorum
566 2895 757 2977 theologiae
774 2895 995 2958 scholasticae
1012 2895 1127 2959 extitit
1153 2898 1240 2978 prin·
1267 2899 1390 2976 scholam-

131 3019 233 3082 ceps:
249 3021 337 3077 nam,
354 3003 442 3086 quod
462 3021 579 3064 omnes
605 3011 738 3077 norunt,
754 3001 836 3063 haec
865 3001 1042 3084 disciplina
1067 3002 1241 3079 eiusmodi,
1267 2973 1392 3094 {iliffm'

133 3115 194 3180 est,
209 3125 295 3185 quae
312 3103 421 3167 fontes
440 3105 537 3168 adeat
553 3105 688 3186 quidem
712 3105 873 3186 proprios,
896 3104 1065 3168 doctrinas
1084 3105 1239 3168 nimirum

132 3206 291 3270 divinitus
303 3209 474 3284 revelatas,
490 3229 535 3270 ex
551 3209 665 3288 eisque
677 3209 708 3269 in
724 3227 793 3268 rem
807 3226 901 3269 suam
919 3207 1012 3268 omni
1030 3207 1190 3288 religione
1207 3217 1240 3270 et

131 3311 245 3374 studio
266 3311 404 3386 derivet,
420 3313 477 3374 sed
505 3331 642 3394 operam
659 3331 793 3392 quoque
822 3309 963 3372 multam
986 3309 1145 3372 adhibeat
1176 3309 1239 3372 sibi

130 3414 365 3495 philosophiae
385 3426 558 3494 tamquam
575 3415 725 3496 optimae
752 3413 933 3487 adiutricis,
949 3413 992 3475 ad
1010 3410 1110 3475 fidem
1131 3413 1238 3492 ipsam

130 3517 202 3580 sive
219 3519 378 3581 tuendam
398 3519 468 3580 sive
499 3517 741 3580 illustrandam.
760 3515 937 3601 Quotquot
954 3515 1055 3597 igitur
1071 3515 1238 3580 Aristote·
1284 3543 1400 3606 Quiergo

130 3618 197 3682 lem
230 3621 380 3702 cogitant
416 3622 608 3702 debentque
646 3629 719 3683 tuta
744 3623 798 3682 via
828 3620 958 3698 sectari,
990 3619 1237 3702 philosophiam
1265 3610 1386 3722 f'isfff‘·

130 3723 314 3806 Aquinatis
342 3723 589 3804 amplectantur
612 3735 768 3806 oportet:
788 3722 890 3807 idque
907 3745 947 3788 eo
964 3724 1072 3806 magis
1088 3725 1179 3806 quod
1204 3725 1236 3786 in
1264 3689 1378 3788 hilario

131 3829 301 3894 Societate
317 3829 566 3911 philosophiam
578 3839 812 3910 praeceptores
829 3829 876 3891 ita
892 3828 1101 3909 interpretari
1123 3827 1238 3891 iuben·
1265 3806 1383 3934 §lm

129 3943 192 4012 tur,
208 3943 246 3996 ut
267 3941 362 3997 uerae
378 3935 550 4016 theologiae
575 3933 788 4007 scholasticae,
805 3955 905 4016 quam
929 3933 1154 4017 corrotundant
1168 3955 1238 3997 cou-
1265 3945 1313 3985 reni
1328 3937 1419 3984 serrari

125 4039 322 4112 alitationes,
337 4038 496 4102 ancillari
508 4048 541 4100 ct
561 4037 745 4101 subservire
766 4038 904 4116 saciant
915 4037 967 4119 (²),
989 4049 1090 4120 atque
1116 4037 1240 4100 idcirco
1265 4002 1338 4052 decer.

158 4217 177 4249 1.
197 4203 270 4249 Card.
284 4203 374 4249 Slortia
391 4203 535 4256 Pallaviciui,
551 4203 733 4249 Viudicatr'orrcs
744 4203 794 4249 Soc.
807 4203 870 4255 Iesu,
884 4217 903 4249 o
918 4217 954 4261 24.

157 4285 179 4316 2.
196 4271 292 4331 Congu,
308 4281 345 4324 111,
357 4285 409 4317 can.
424 4273 445 4315 8.
