3296 4886
320 550 322 554 .
452 448 477 555 ’ ’
819 437 1177 520 DECRETUM
1254 500 1256 504 .
1532 544 1537 554 ι

184 623 186 630 ’
541 597 914 718 <llio-Couro'o1ii
938 592 1265 694 pransu-meru
1288 631 1452 695 riuum

257 1107 261 1114 ¹
322 1113 353 1200 15'
625 1101 820 1184 ouisimsus
845 1097 990 1195 mutuus,
1015 1119 1106 1184 unde
1129 1119 1343 1184 matrimonia
1370 1119 1458 1184 iusta
1491 1142 1549 1187 na·

257 1239 261 1246 .
288 1201 381 1319 Ἠ·
445 1281 446 1286 ¹
473 1200 622 1437 ΙΒ
638 1212 785 1300 scuntu'r,
801 1205 867 1285 iion
892 1221 1002 1286 verbis
1029 1223 1220 1302 dumtaxat,
1237 1224 1301 1288 sed.
1325 1222 1397 1290 aliis
1414 1244 1549 1308 quoque

284 1367 411 1433 eonjugia
597 1325 741 1428 psignis
759 1324 981 1408 exterioribus
1005 1324 1156 1414 patefieri
1178 1345 1218 1390 ac
1245 1327 1405 1391 declarari
1428 1331 1549 1411 potest.

273 1443 411 1514 ¹praerequ-
513 1431 623 1505 wid
639 1427 1549 1517 QuamobremAlexander111(1);Innocentius111(2)‚

251 1501 412 1630 jffiassifc'f
437 1544 471 1603 et
490 1522 671 1619 Gregorius
696 1533 748 1597 lX
762 1532 814 1616 (3),
838 1534 1031 1598 decessores
1048 1535 1173 1613 Nostri,
1191 1535 1311 1600 merito
1329 1533 1550 1604 decreverunt

257 1654 260 1726 j
360 1631 410 1683 Μ·
437 1647 474 1702 ut
490 1625 779 1720 carnalis'copula,
794 1636 822 1722 si
850 1637 1020 1719 sponsalia
1044 1638 1087 1701 de
1114 1635 1227 1701 futuro
1251 1647 1343 1702 certa
1367 1659 1407 1702 ac
1431 1639 1546 1706 valida

433 1739 706 1834 praecessissent,
721 1760 798 1804 cuin
815 1740 849 1804 iii
866 1740 989 1804 iudicio
1005 1751 1076 1804 tum
1094 1751 1192 1806 extra
1207 1740 1367 1806 iudiciuin
1384 1761 1445 1826 pro
1467 1765 1548 1812 vero

436 1849 593 1932 coniugio
617 1841 805 1926 liab'eretur,
830 1840 893 1910 nisi
919 1847 1198 1931 impedimentum
1226 1849 1425 1913 canonicum
1442 1849 1548 1915 obsti·

436 1951 540 2016 tisset.
558 1949 605 2014 Et
621 1951 654 2013 iii
671 1949 733 2014 hac
757 1950 837 2013 iuris
853 1951 1127 2033 praesumptione
1142 1959 1275 2015 tantum
1292 1951 1420 2016 roboris
1437 1953 1548 2019 inesse

436 2054 623 2132 voluerunt,
638 2049 675 2116 ‘ut
691 2051 824 2117 firmum
841 2053 914 2135 ipsa
929 2062 1091 2118 statueret
1103 2053 1313 2138 sanciretque
1324 2054 1383 2135 ius,
1394 2076 1456 2120 nec
1470 2077 1547 2139 pro-

278 2147 412 2263 ἵξῃ·
438 2158 609 2222 barionem
626 2156 827 2220 contrariam
844 2156 947 2220 ullam
964 2157 1167 2223 admitteret.
1183 2157 1317 2222 Deinde
1333 2179 1412 2224 vero
1430 2162 1548 2224 matri·

313 2279 412 2328 destina
439 2261 552 2326 monia
567 2261 786 2340 clandestina,
801 2261 835 2326 id
852 2271 902 2326 est
919 2283 987 2328 non
1003 2271 1178 2345 praesente
1195 2261 1346 2328 Parocho
1362 2275 1396 2329 et
1412 2266 1546 2331 duobus

258 2343 412 2458 manig
437 2365 584 2430 tribusve
611 2363 755 2428 testibus
778 2364 870 2444 inita,
893 2385 997 2448 quum
1024 2365 1210 2430 Concilium
1238 2365 1476 2432 Tridentinum
1500 2369 1547 2454 (4)

262 2473 334 2525 conc.
353 2475 412 2524 Tri·
437 2469 530 2544 irrita
556 2467 746 2550 iniectaque
774 2487 847 2532 esse
872 2467 1030 2546 iussisset,
1058 2470 1108 2532 ius
1134 2467 1217 2532 illud
1245 2469 1401 2551 priscum,
1419 2481 1455 2534 ut
1471 2479 1544 2535 erat

260 2539 411 2670 mim
437 2593 581 2653 neeesse,
594 2571 706 2636 valere
731 2571 831 2636 desiit
856 2571 1059 2656 ubicumque
1083 2570 1297 2654 promulgata
1323 2571 1377 2636 vel
1395 2573 1547 2638 moribus

269 2709 293 2752 ,ι
303 2703 412 2768 majus
434 2697 565 2761 usuque
581 2667 715 2757 recepta
730 2673 1011 2740 Tridentinalex.
1025 2673 1157 2757 Quibus
1173 2682 1286 2738 autem
1303 2673 1359 2738 illa
1377 2675 1458 2739 locis
1478 2689 1548 2740 non

253 2761 413 2884 {⁷52⁸AE
435 2775 537 2866 uiget,
547 2781 580 2844 in
597 2781 638 2843 iis
649 2799 782 2862 semper
791 2777 1013 2861 Apostolicae
1024 2777 1122 2844 Sedis
1132 2777 1292 2842 iudicium
1304 2777 1377 2856 suit,
1388 2798 1547 2858 canones,

258 2899 334 2948 desen
357 2901 412 2950 uir·-
437 2905 521 2970 quos
547 2881 779 2960 indicavimus,
812 2892 903 2946 ratos
938 2891 1040 2965 atque
1067 2879 1181 2946 firmos
1206 2882 1439 2965 permansisse.
1474 2881 1546 2948 Sed

258 2979 415 3095 {Jfflmfi'ffi}
437 3003 576 3067 aetatum
593 2992 743 3068 decursu,
753 2991 798 3054 'ex
813 2989 1019 3054 conscientia
1035 2997 1068 3052 et
1084 2989 1277 3071 cognitione
1286 2989 1546 3053 christianorum

272 3095 412 3146 'TW‘-
438 3083 561 3162 sensim
578 3093 747 3190 effluxere.
771 3088 885 3158 Plures
908 3093 998 3158 enim
1025 3093 1186 3176 Episcopi
1207 3113 1252 3160 ex
1277 3093 1316 3157 iis
1345 3093 1549 3176 regionibus,

317 3161 410 3213 ''⁶⁴⁰‘'
433 3201 472 3266 ›in
489 3199 609 3285 quibus
625 3187 840 3289 matrimonia
867 3191 1076 3262 clandestina
1097 3197 1282 3264 contraius
1298 3199 1434 3281 quidem
1451 3197 1547 3275 inita,

262 3259 414 3376 Qunam
434 3279 497 3371 ¹sed
516 3288 630 3370 tamen
647 3297 760 3366 valida
786 3293 984 3379 iudicantur,
999 3299 1089 3366 haud
1117 3301 1164 3366 ita
1191 3299 1321 3386 pridem
1339 3301 1447 3385 rogati
1463 3299 1546 3384 quid

258 3391 412 3506 “2252ss
433 3395 581 3493 ‘populus
597 3425 637 3470 ea
653 3399 695 3469 de
712 3425 748 3482 re
756 3404 879 3469 sentire
890 3403 1066 3480 videretur,
1076 3403 1176 3486 plane
1188 3400 1383 3481 retulerunt,
1407 3401 1547 3466 canoni-

256 3518 412 3585 deconjugm
436 3499 510 3581 cani
523 3511 566 3575 de
580 3501 745 3592 coniugiis
757 3501 982 3592 praesumptis
992 3505 1204 3590 disciplinam
1215 3507 1341 3590 passim
1357 3503 1548 3570 exolevisse

250 3599 410 3714 §im-26,
435 3602 657 3679 desuetudine
672 3605 958 3694 atque‘oblivione
973 3607 1141 3674 deletam:
1157 3619 1336 3694 propterea
1351 3609 1410 3672 vix
1426 3617 1486 3672 aut
1503 3627 1547 3672 ne

251 3714 329 3792 pirna
352 3725 409 3796 pv,-
435 3721 494 3784 vix
509 3717 646 3802 quidem
663 3713 858 3798 contingere
874 3723 911 3778 ut
927 3712 1049 3797 copula
1073 3713 1159 3778 inter
1174 3725 1318 3798 sponsos
1333 3709 1455 3776 affectu
1473 3729 1546 3775 ma·
1618 3753 1619 3776 i

256 3795 305 3830 sm
322 3781 412 3846 frunt
452 3823 460 3839 ,
514 3822 522 3838 ,
693 3819 701 3835 .
761 3819 770 3834 .
1363 3815 1371 3831 .
1459 3814 1479 3830 ..

255 3845 377 3898 olivum
434 3821 522 3888 ritalr
538 3841 600 3885 nee
616 3819 793 3884 lornicario
809 3818 995 3883 habeatur:
1022 3835 1165 3900 eamque
1187 3837 1256 3882 nori
1273 3825 1479 3881 matrimonii
1497 3815 1545 3878 le-

254 3911 342 3976 Μ’
433 3927 543 4012 gitimi
558 3944 656 3990 usum
672 3924 731 3988 sed
749 3921 977 3988 fornicationis
993 3931 1168 4004 peccatum
1180 3922 1352 3987 communi
1364 3919 1544 3985 hominum

432 4031 591 4116 opinione
621 4026 828 4094 existimari:
857 4019 927 4092 imo
956 4024 1016 4090 vix
1047 4025 1239 4110 persuaderi
1270 4023 1397 4110 populo
1433 4043 1547 4107 posse,

461 4265 482 4298 1.
495 4249 557 4310 Cep.
577 4249 686 4303 Veniens,
699 4250 730 4298 de
744 4249 858 4309 Sponsnl.
875 4274 905 4284 —
921 4264 942 4298 α.
956 4251 1018 4308 Cap.
1034 4249 1089 4296 Tua
1101 4262 1148 4302 nos,
1161 4249 1247 4295 eodeni
1259 4249 1329 4294 tin-
1338 4261 1359 4305 3.
1377 4245 1437 4302 Cap
1457 4244 1484 4289 Is
1499 4245 1548 4302 qur*

422 4319 508 4382 fiderit,
520 4320 608 4366 eodem
619 4319 655 4366 tii.
667 4342 699 4354 -
708 4332 730 4377 4
744 4319 808 4365 Sese
822 4317 913 4366 xxiv.
924 4317 985 4378 Cep.
999 4317 1053 4364 lde
1064 4317 1169 4364 Reform
1183 4315 1286 4362 matrim.
