3296 4886
397 257 443 326 62
524 273 712 324 LITTERAE
738 269 996 322 APOSTOLICAE
1017 257 1036 287 ‘⁴
1055 269 1106 320 AD
1136 268 1347 320 UNlVERSAS
1366 243 1385 274 n

251 436 369 488 Aureli·
395 424 495 508 plena
522 443 581 488 sua
606 421 728 488 fiducia
753 424 874 506 dignos
908 421 1081 486 censuerit.
1107 421 1210 486 Porro
1241 419 1382 504 quisque
1408 437 1503 482 sacer

213 504 370 618 {ffimz
396 527 549 592 Antistes
577 527 788 610 Religionem
815 525 1025 592 Catholicam
1052 524 1286 608 Apostolicam
1310 523 1501 588 Romanam

215 635 367 711 rqlumeoa·
393 641 518 696 sartam
534 639 728 714 tectamque
746 651 878 695 servare
893 639 1035 714 satagat,
1048 630 1160 713 {atque
1174 629 1260 694 tueri
1277 629 1408 692 liscum
1426 626 1502 691 iuri·

216 699 366 828 lll‘plsllf
393 735 455 800 bus
468 746 501 800 et
511 736 888 819 praerogativis,quibus
897 755 942 799 ex
953 735 1066 800 divina
1077 744 1110 798 et
1120 734 1282 798 canonica
1291 732 1502 796 ordinatione

217 829 342 880 hortatur.
392 839 466 924 ipsa
482 841 586 905 utitur
597 850 631 905 et
649 839 777 906 fruitur.
799 839 1065 922 Diligentissime
1081 849 1257 922 propterea
1273 838 1345 921 ipse
1361 835 1502 912 cavebit,

392 965 431 1009 ac
449 965 508 1027 pro
524 943 609 1008 virili
623 953 717 1027 parte
733 963 869 1010 omnem
885 943 1059 1007 adhibebit
1075 961 1212 1025 operam
1230 963 1272 1005 ne
1289 943 1434 1022 irrepant
1445 952 1504 1005 aut

392 1047 571 1131 vulgentur
586 1068 712 1113 errores
736 1045 813 1112 fidei
841 1048 1025 1129 integritati
1042 1045 1197 1110 contrarii
1215 1055 1248 1108 et
1265 1049 1413 1112 moribus
1430 1065 1502 1128 per·

392 1149 517 1215 niciosi.
535 1150 713 1218 Sacrorum
732 1149 933 1214 Antistitum
951 1151 1085 1232 insuper
1101 1149 1163 1213 erit
1178 1149 1328 1230 publicas
1357 1150 1501 1213 indicere

392 1277 516 1341 preces,
532 1259 663 1342 aliaque
674 1258 706 1322 id
723 1277 829 1341 genus
846 1258 901 1341 pia
917 1277 1028 1340 opera,
1044 1277 1120 1322 cum
1137 1257 1171 1321 id
1189 1257 1315 1322 bonum
1340 1257 1501 1322 Ecclesiae

392 1371 450 1427 aut
460 1371 578 1438 status,
600 1361 653 1428 vel
669 1362 785 1446 populi
803 1361 959 1444 postulet,
975 1381 1085 1425 sacras
1098 1362 1223 1444 pariter
1238 1362 1499 1448 supplicationes

391 1475 426 1531 et
449 1465 735 1549 peregrinationes
761 1467 948 1544 decernere,
965 1465 1091 1546 funera,
1116 1466 1264 1550 aliasque
1291 1489 1403 1533 sacras
1429 1469 1500 1532 lun·

391 1572 520 1636 ctiones
537 1571 889 1656 moderari,Synodum
903 1571 1147 1636 Dioecesanam
1165 1593 1348 1638 convocare
1365 1583 1399 1637 et
1414 1573 1500 1638 cele·

391 1675 496 1752 brare,
519 1674 657 1758 eiusque
672 1683 748 1739 acta
759 1675 906 1758 vulgare,
918 1677 1058 1740 servatis
1074 1677 1186 1759 quoad
1199 1677 1314 1740 omnia
1329 1675 1500 1740 canonicis

391 1778 716 1863 praescriptionibus.
745 1779 831 1842 Item
860 1778 998 1844 liberam
1023 1799 1194 1844 remanere
1219 1779 1374 1844 volumus
1403 1779 1497 1844 novis

390 1885 516 1950 eisdem
549 1883 727 1967 Episcopis
759 1883 956 1948 idoneorum
987 1884 1209 1948 Parochorum
1238 1883 1445 1962 electionem,
1466 1893 1500 1950 et

390 1987 586 2052 canonicam
604 1987 859 2066 institutionem,
871 1988 1011 2051 servatis
1027 1996 1140 2050 tamen
1158 1987 1201 2051 de
1213 1987 1283 2050 iure
1298 1998 1332 2052 et
1347 1990 1390 2052 de
1408 2008 1499 2054 more

390 2090 1500 2176 servandisSatagatinsupersacerquisqueAntistescumSancta

390 2195 589 2280 Apostolica
602 2194 691 2262 Sede
702 2195 839 2259 liberam
852 2215 984 2258 servare
996 2196 1348 2274 communicationem,
1361 2197 1498 2280 ipseque

391 2300 572 2384 prudenter
587 2307 679 2362 curet
689 2317 823 2362 caussas
836 2317 1014 2376 removere,
1024 2318 1111 2380 quae
1127 2299 1203 2362 huic
1215 2309 1351 2381 possent
1364 2301 1498 2363 obstare

391 2401 546 2467 libertati.
563 2400 712 2466 Sollicite
728 2420 862 2484 quoque
877 2411 992 2465 curent
1005 2401 1082 2465 novi
1097 2401 1266 2484 Episcopi,
1283 2412 1319 2466 ut
1332 2401 1497 2468 iuventuti

390 2505 615 2570 instituendae
631 2503 691 2567 viri
707 2503 862 2568 catholici
879 2505 911 2568 in
931 2503 1136 2569 Professores
1153 2515 1187 2569 et
1199 2505 1387 2588 ,Magistros
1404 2525 1498 2588 prae·

389 2710 512 2774 scholis
528 2710 570 2773 ad
597 2729 749 2773 normam
767 2709 939 2774 doctrinae
954 2710 1139 2775 catholicae
1155 2721 1310 2775 accurate
1329 2711 1497 2793 exigatur.

257 2855 296 2905 Da
320 2871 361 2921 ge-
391 2813 790 2878 Nullamuerobonorum
804 2811 1497 2898 Ecclesiaesuppressionemvelunionem,

210 2919 362 2972 stioneborio·
388 2928 446 2982 aut
462 2917 699 2982 alienationem
717 2915 785 2980 fieri
797 2935 896 3000 posse
912 2917 1122 2981 decernimus
1135 2917 1262 3000 absque
1277 2917 1497 2999 Apostolicae

210 2994 364 3112 :mm
389 3021 486 3090 Sedis
502 3020 709 3084 auctoritatis
720 3019 919 3099 interventu,
934 3021 1033 3085 salvis
1047 3021 1261 3086 facultatibus
1272 3042 1292 3085 a
1302 3041 1396 3086 sacro
1407 3021 1496 3087 Con·

136 3177 138 3184 .
209 3118 362 3233 mm
387 3125 463 3190 cilio
479 3123 680 3188 Tridentino
703 3123 881 3206 Episcopis
913 3123 1054 3188 tributis.
1072 3124 1280 3188 Canonicam
1312 3133 1430 3189 taxarn
1459 3123 1494 3190 in

234 3249 361 3312 aditione
387 3228 526 3312 singulis
542 3226 816 3312 Apostolicarum
830 3227 1033 3292 Litterarum
1051 3228 1257 3292 solemnibus
1269 3227 1496 3311 expeditioni·

250 3313 364 3429 2222?
386 3334 457 3410 bus,
473 3333 749 3414 quotiescumque
765 3349 871 3394 novus
882 3331 1037 3396 Antistes
1053 3331 1189 3396 cuilibet
1199 3352 1243 3395 ex
1256 3331 1354 3396 dictis
1366 3331 1498 3396 noviter

209 3459 268 3492 mm
292 3447 359 3507 Apo·
386 3437 502 3501 erectis
517 3435 674 3499 Ecclesiis
690 3437 752 3499 erit
764 3433 1015 3517 praeficiendus,
1028 3435 1060 3498 in
1072 3435 1179 3498 aureis
1192 3435 1234 3499 de
1247 3433 1389 3500 Camere
1399 3433 1497 3499 llore-

207 3509 361 3638 mllffl}
386 3540 691 3624 nistrigintatribus
707 3539 896 3618 statuimus,
911 3541 1025 3624 sicque
1045 3541 1077 3603 in
1096 3539 1188 3604 libris
1212 3538 1495 3623 Congregationie

257 3641 357 3702 statuit,
386 3641 418 3709 S.
435 3644 585 3708 eiusdem
599 3642 632 3709 S.
647 3643 687 3708 R.
705 3641 743 3708 E.
753 3641 983 3708 Cardinalium
995 3641 1137 3725 Collegii
1155 3642 1298 3720 inscribi,
1311 3653 1344 3706 et
1356 3645 1387 3704 in
1405 3641 1495 3705 illius

207 3719 360 3834 :mlx
385 3747 571 3812 Tabulario
592 3747 715 3812 servari
732 3746 963 3829 praecipimus.
990 3745 1148 3812 Ceterum
1174 3767 1260 3830 quae
1291 3747 1405 3810 omnia
1431 3765 1495 3826 res,

207 3835 360 3966 mm
384 3854 464 3930 iura,
476 3861 509 3916 et
524 3871 683 3934 personas
698 3850 940 3915 ecclesiasticas
952 3851 1143 3933 respiciunt,
1155 3851 1198 3914 de
1213 3851 1334 3934 quibus
1352 3851 1443 3915 nulla
1458 3851 1494 3916 in

238 3966 282 4026 rio,
301 3973 360 4016 rata
384 3955 616 4041 praesentibus
628 3953 747 4018 litteris
758 3975 918 4038 expressa
936 3955 1063 4018 mentio
1081 3954 1167 4018 lacta
1183 3963 1244 4034 est,
1259 3965 1332 4018 rata
1349 3954 1405 4017 illa
1420 3973 1494 4019 om-

205 4033 359 4160 mm
385 4061 507 4125 ninoet
521 4057 625 4135 firma,
635 4067 733 4141 prout
745 4067 854 4137 antea,
866 4057 1021 4123 volumus
1031 4077 1202 4122 remanere
1215 4079 1223 4137 ;
1235 4061 1325 4140 quod
1343 4061 1371 4121 si
1381 4057 1496 4141 aliqua

205 4163 357 4227 artemis·
382 4159 609 4246 supervenerit
636 4157 823 4237 difficultas,
850 4181 890 4225 ea
907 4159 1091 4225 secundum
1119 4161 1298 4224 canonicas
1325 4159 1417 4243 leges
1447 4160 1492 4225 ad

205 4228 357 4357 qsulullalll]
382 4265 535 4334 eamdem
554 4263 788 4352 Apostolicam
806 4263 930 4331 Sedem
947 4264 1009 4329 erit
1025 4263 1217 4344 deserenda,
1232 4265 1369 4348 eiusque
1393 4263 1493 4330 Sedis
