3216 4880
440 304 561 354 tubex
588 302 839 354 ANALl'TICUs.
1129 304 1200 372 319

91 458 119 513 in
138 456 314 523 societatem,
334 463 436 508 natura
457 452 539 520 duce,
552 449 727 506 conveniunt
740 468 797 506 non
817 461 929 506 tantum
938 453 976 507 ad
990 453 1065 508 vitae
1074 470 1199 508 commo·

90 546 216 612 ditatem,
222 546 274 601 sed
280 542 433 616 praecipue
446 542 484 597 ad
498 541 636 596 moralem
650 539 855 611 perfectionem
865 540 1051 595 obtinendam
1065 553 1110 610 37·
1113 542 1155 610 38.
1173 571 1200 581 -

92 634 230 690 Perfectio
249 649 317 687 uero
335 631 451 686 moralis
476 646 540 684 cum
561 628 637 684 circa
658 645 757 683 verum
780 628 809 682 in
832 629 977 684 intellectu
995 637 1023 684 et
1040 629 1147 684 bonurn
1170 629 1198 683 in

91 722 234 776 voluntate
254 728 389 787 versetur,
402 717 565 772 necessario
585 717 622 771 ad
641 718 736 772 Deum
755 727 784 772 et
804 717 972 786 religionem
985 717 1134 772 referenda
1146 729 1198 787 est,

90 797 231 879 siquidem
246 809 326 862 Deus
348 805 476 861 veritatis
497 805 591 858 omnis
613 813 641 858 et
661 803 798 859 bonitatis
824 803 888 860 fons
910 814 963 871 est,
985 805 1148 876 mentisque
1168 816 1196 860 et

89 895 243 951 vobrntatis
264 895 406 949 humanae
427 903 538 948 creator
555 903 583 947 et
606 903 797 961 conservator,
808 892 908 962 religio
926 910 995 948 vero
1019 893 1048 948 in
1068 893 1123 948 hoc
1137 910 1197 948 ver-

89 969 167 1040 satur
180 994 208 1039 ut
228 999 309 1038 suam
322 998 387 1036 cum
402 983 466 1036 Deo
479 981 620 1036 rationem
641 980 728 1035 homo
746 991 885 1050 agnoscat
898 980 995 1035 animo
1015 991 1043 1037 et
1062 997 1110 1036 ore
1135 997 1199 1052 pro·

90 1075 202 1129 fiteatur
215 1073 258 1141 38.
269 1102 303 1112 -
318 1071 455 1127 Omnium
466 1070 551 1141 igitur
569 1070 674 1125 civium
686 1081 729 1126 est
742 1069 889 1140 religionis
903 1072 1029 1126 studium
1042 1072 1071 1126 in
1084 1071 1200 1128 civitate

88 1163 180 1228 tueri;
197 1160 275 1232 quod
301 1158 419 1230 quidem
439 1157 581 1214 Catholici
604 1157 632 1213 in
657 1159 751 1214 Gallia
767 1175 802 1213 eo
824 1159 916 1229 magis
935 1170 1080 1230 praestare
1101 1169 1199 1217 tenen·

88 1259 133 1304 tur
144 1249 222 1320 quod
235 1265 311 1315 vera,
324 1263 411 1318 quam
426 1246 456 1300 in
470 1245 602 1301 Ecclesia
616 1247 758 1302 catholica
778 1247 955 1316 profitentur,
977 1247 1082 1303 Christi
1098 1247 1198 1318 religio

88 1336 209 1393 caeteris
222 1335 365 1390 efficacior
377 1343 420 1389 est
433 1333 471 1388 ad
483 1333 572 1388 vitam
582 1344 642 1387 turn
654 1333 798 1403 publicam
808 1345 869 1388 tum
878 1335 1017 1404 privatam
1027 1349 1105 1394 recte
1119 1339 1198 1394 insti·

87 1423 233 1492 tuendam,
246 1433 275 1478 ut
284 1439 319 1478 ex
331 1421 395 1492 ipsa
407 1429 485 1493 patet
504 1419 632 1476 Gallicae
645 1420 738 1490 gentis
751 1421 879 1490 historia,
893 1439 927 1476 eo
940 1423 1048 1480 scilicet
1059 1427 1197 1496 majorem

87 1524 236 1568 assecutae
255 1510 375 1583 gloriam
396 1526 452 1580 quo
475 1509 547 1565 Fide
569 1509 661 1578 magis
674 1510 791 1580 vigeret,
805 1511 948 1582 hodieque
962 1522 1022 1568 toto
1035 1516 1104 1570 orbe
1125 1517 1196 1572 cele·

87 1603 145 1674 bris
162 1599 330 1670 multiplicia
343 1599 381 1654 ob
393 1598 542 1653 charitatis
565 1615 654 1667 opera
675 1607 703 1654 et
725 1599 827 1654 Fidem
840 1618 918 1670 auro,
932 1603 1038 1670 labore,
1058 1605 1197 1674 sanguine

87 1691 164 1760 apud
181 1689 352 1758 longinquas
361 1696 462 1756 gentes
478 1687 516 1742 ab
529 1686 592 1756 ipsa
600 1697 788 1757 propagatam
801 1688 891 1757 38·39.
905 1719 940 1729 —
953 1689 1100 1762 Quotquot
1113 1694 1199 1764 igitur

88 1787 154 1834 sunt
175 1777 204 1831 in
215 1775 310 1832 Gallia
324 1775 474 1843 Catholici,
489 1773 592 1828 Fidem
613 1774 773 1844 conjunctis
793 1775 901 1831 viribus
917 1787 1057 1848 tueantur,
1072 1797 1109 1835 ne
1126 1782 1197 1838 forte

87 1883 157 1937 gens
174 1876 272 1938 pereat
287 1879 330 1933 39.
344 1893 378 1904 -
391 1863 505 1919 Refellit
528 1864 658 1919 Pontifex
680 1881 777 1918 eorum
799 1865 971 1920 calumniam
985 1869 1032 1938 qui
1059 1886 1117 1924 non
1136 1871 1196 1925 reli-

85 1955 181 2026 gionis
199 1954 269 2019 zelo,
282 1951 334 2007 sed
353 1951 456 2006 summi
470 1949 580 2020 imperii
594 1950 737 2020 cupidine,
762 1951 927 2007 Catholicos
940 1953 1038 2009 dicunt
1057 1955 1095 2010 ad
1114 1956 1196 2012 Fidei

87 2051 234 2096 certamen
247 2037 358 2094 incitari
371 2052 497 2106 39·4o.—
510 2037 656 2092 Adversus
666 2037 761 2108 ipsum
770 2039 873 2108 JESUM
883 2057 900 2093 a
910 2039 1027 2108 Judaeis
1038 2043 1197 2112 excogitata

87 2138 131 2184 est
144 2129 218 2182 haec
235 2135 348 2182 vetusta
360 2126 512 2194 calumnia,
532 2125 653 2205 aliaque
665 2125 695 2180 id
717 2143 808 2196 genus
830 2127 903 2182 falsa
915 2128 1036 2184 crimina
1050 2130 1197 2187 Fidelihus

87 2216 156 2271 olim
175 2213 312 2271 attributa
331 2214 451 2282 fuerunt,
465 2231 522 2284 quo
539 2213 646 2269 factum
664 2224 708 2270 est
731 2225 760 2268 ut
778 2213 806 2267 in
829 2214 955 2269 hostium
976 2233 1095 2272 numero
1116 2219 1195 2273 Chri-

85 2302 170 2358 stiani
180 2303 218 2357 ab
231 2301 451 2370 imperatoribus
464 2299 592 2356 romanis
605 2301 779 2356 haberentur
789 2315 831 2366 40.
845 2330 880 2340 -
893 2303 1012 2358 Postero
1027 2305 1113 2360 etiam
1127 2315 1197 2362 tem·

85 2405 164 2458 pore,
183 2389 252 2443 mali
266 2385 417 2459 principes,
431 2397 461 2442 ut
482 2387 654 2458 Ecclesiam,
670 2387 799 2457 justitiae
819 2389 943 2458 nomine,
964 2389 1080 2446 liberius
1102 2395 1197 2464 oppri-

85 2485 205 2545 merent,
215 2475 294 2530 illam
302 2491 420 2545 arguere
432 2475 493 2530 ausi
508 2484 574 2529 sunt
587 2475 669 2546 quasi
682 2474 796 2531 civilem
809 2475 955 2531 invaderet
969 2489 1140 2547 potestatem
1154 2497 1197 2548 41.
1268 2489 1269 2494 ’
1308 2527 1310 2538 ,

85 2595 120 2606 -
131 2567 159 2620 N
162 2581 197 2622 ec
210 2565 279 2620 aliis
287 2564 373 2620 hodie
392 2564 478 2620 armis
494 2565 643 2620 Ecclesiae
659 2565 758 2620 hostes
777 2574 912 2620 utuntur:
933 2577 1045 2636 oportet
1065 2579 1093 2624 et
1116 2571 1197 2626 Chri-

84 2654 155 2711 tiani
169 2654 302 2710 eamdem
311 2669 380 2723 prae
390 2669 420 2708 se
430 2653 523 2708 ferant
537 2653 729 2708 constantiam
742 2669 779 2708 ac
791 2652 901 2724 antiqui
916 2655 997 2710 Fidei
1012 2658 1197 2728 Defensores,

86 2744 239 2810 Doctores,
253 2741 395 2810 Martyres
408 2755 451 2806 41.
472 2769 507 2779 -
530 2741 691 2796 Concordia
723 2740 880 2796 Catholicis
897 2759 969 2813 opus
990 2754 1042 2814 est,
1063 2763 1120 2816 qua
1142 2746 1195 2802 for-

84 2831 174 2887 tiores
193 2831 232 2884 ad
243 2845 370 2900 pugnam
383 2827 465 2883 Fidei
478 2828 610 2897 evadant,
624 2845 678 2885 nec
696 2828 743 2883 alii
756 2829 813 2884 alio
826 2829 883 2884 sint
896 2831 992 2886 animo
1003 2833 1032 2886 in
1042 2835 1196 2890 hodiernos

84 2917 262 2990 reipublicae
272 2916 466 2970 moderatores
479 2929 570 2981 41·42.
585 2943 620 2953 -
640 2914 728 2971 Varia
740 2916 853 2971 fuerunt
872 2916 927 2972 hoc
940 2921 1054 2974 saeculo
1069 2922 1196 2978 Gallicae

84 3007 180 3077 gentis
193 3003 342 3075 regimina,
355 3019 408 3059 nec
422 3003 510 3057 ullum
521 3018 556 3058 ex
567 3003 612 3058 bis
625 3013 674 3058 aut
689 3003 793 3057 rationi
803 3013 852 3058 aut
865 3005 1038 3061 christianae
1051 3008 1197 3065 doctrinae

83 3101 235 3164 repugnat.
263 3091 351 3146 Nulla
381 3091 460 3146 enim
494 3090 618 3146 civitatis
643 3090 736 3144 forma
766 3089 899 3159 displicet
930 3093 1079 3151 Ecclesiae
1106 3095 1134 3151 in
1167 3098 1197 3152 id

84 3197 202 3252 semper
223 3179 350 3234 intentae
369 3187 399 3232 ut
419 3177 491 3233 Fide
514 3187 542 3234 et
564 3178 702 3248 religione
723 3194 824 3234 omnes
843 3188 943 3247 gentes
961 3181 1081 3236 floreant
1101 3199 1143 3250 42.
1163 3214 1198 3224 -

85 3271 236 3343 Propriam
253 3285 321 3326 vero
343 3285 412 3324 suae
424 3269 548 3324 civitatis
569 3269 700 3335 formam,
713 3269 839 3324 humana
857 3272 1029 3328 auctoritate
1049 3273 1197 3330 definitam

85 3377 138 3430 pro
161 3373 256 3413 rerum
278 3355 480 3412 convenientia
506 3367 592 3427 atque
610 3356 832 3427 opportunitate,
845 3373 945 3412 omnes
968 3359 1045 3414 cives
1068 3361 1198 3432 accipere

84 3447 203 3514 debent,
216 3461 269 3501 nec
283 3444 331 3498 ulli
351 3444 416 3500 licet
430 3444 541 3498 ruinam
556 3444 775 3515 principum,aut
786 3462 830 3499 res
841 3462 931 3501 novas
945 3446 1037 3501 moliri
1051 3463 1143 3518 42·43.
1164 3481 1195 3490 —

85 3537 254 3606 Principum
265 3535 424 3605 imperium,
432 3544 532 3603 utpote
544 3551 579 3588 ex
596 3536 660 3590 Deo
674 3544 777 3602 ortum,
791 3535 923 3590 Ecclesia
937 3551 1051 3606 semper
1062 3537 1134 3593 tulta
1146 3549 1199 3609 est,

85 3643 120 3682 eo
133 3626 180 3681 vel
193 3635 322 3694 tempore
341 3640 427 3693 quum
449 3622 541 3692 ipsam
559 3623 704 3692 principes
724 3623 975 3694 persequebantur,
989 3625 1199 3698 praeclarisque

84 3713 182 3771 verbis
192 3712 231 3766 ad
241 3710 407 3782 principum,
414 3709 585 3780 obsequium
599 3709 755 3766 SS.Petrus
764 3720 792 3766 et
806 3711 911 3766 Paulus
924 3711 1040 3768 Fideles
1052 3714 1198 3772 adhortati

84 3811 152 3856 sunt
165 3813 247 3868 43.-
257 3798 354 3852 Potest
368 3795 396 3850 in
410 3797 588 3866 omni‘gente
601 3806 692 3852 status
717 3797 893 3866 reipublicae
906 3799 989 3852 novis
1000 3798 1125 3870 imperiis
1139 3819 1199 3856 mu·

83 3887 138 3943 tari
154 3905 161 3952 ;
184 3883 247 3940 sola
267 3883 374 3939 Christi
396 3883 527 3938 Ecclesia
540 3883 711 3938 immutabili
724 3883 831 3953 gaudet
844 3884 991 3954 regimine,
1003 3886 1110 3957 quippe
1122 3889 1200 3959 quod

84 3977 122 4030 ab
135 3976 201 4045 ipso
216 3974 279 4027 Deo
300 3971 352 4027 fuit
370 3971 397 4026 in
412 3988 498 4027 omne
517 3982 629 4042 tempus
649 3971 797 4028 delinitum
810 3987 853 4040 44.
867 4003 903 4013 -
931 3973 974 4028 Ex
988 3991 1093 4045 magna
1106 3993 1199 4032 rerum

85 4057 310 4132 perturbatione,
322 4059 498 4130 principibus
521 4057 640 4130 imperio
661 4059 760 4130 pulsis,
781 4059 809 4114 in
825 4077 1024 4132 summumque
1044 4063 1199 4119 discrimen

85 4149 205 4206 civitate
224 4147 356 4216 adducta,
379 4163 484 4201 novum
507 4163 712 4217 nonnunquam
737 4147 824 4203 oritur
844 4147 1018 4217 reipublicae
1039 4151 1197 4220 legitimum

84 4237 216 4308 regimen
229 4249 273 4302 44.
286 4263 321 4274 -
333 4234 456 4304 Imperio
465 4233 502 4288 ad
516 4233 586 4289 alios
597 4235 741 4306 principes
755 4235 796 4290 sic
808 4235 955 4304 translato,
965 4255 1022 4292 non
1033 4238 1198 4294 immutatur

84 4330 151 4398 ipsa
173 4323 267 4380 civilis
297 4331 433 4394 potestas,
459 4339 533 4394 quae
563 4339 581 4377 a
609 4324 674 4379 Deo
692 4333 745 4392 est,
767 4321 889 4394 ideoque
912 4323 995 4380 novis
1021 4327 1197 4397 principibus
1257 4351 1260 4356 ¹
