3222 4888
464 277 533 348 180
577 297 692 349 uersu.
715 299 873 350 sueves.
898 286 918 314 ‘⁴
933 297 1149 350 consanum
1169 295 1449 348 HUNGARORUM.
1462 273 1476 300 '¹

461 468 477 523 t
492 455 583 538 quod
600 457 811 522 occasionem
828 459 992 541 praebent
1008 457 1132 521 vetitae
1155 455 1308 520 societati
1325 463 1359 519 et
1374 455 1533 518 communi-

459 573 475 628 t
491 559 614 623 cationi
628 581 736 624 rerum
749 582 930 640 sacrarum3
947 561 1131 645 periculum
1145 560 1298 642 religioni
1314 568 1429 622 creant
1443 557 1535 621 coniu-

456 663 541 746 igis
587 665 774 746 catholici3
813 665 1056 747 impedimento
1093 672 1171 729 sunt
1207 659 1319 727 bonae
1356 659 1535 725 institutioni

458 767 679 849 (liberorum,
696 779 728 834 et
757 791 918 853 persaepe
945 771 1076 832 animos
1096 767 1289 852 impellunt,
1301 776 1339 830 ut
1365 775 1538 830 cunctarum

456 884 473 940 t
491 871 690 954 religionum
708 894 849 956 aequam
866 873 989 937 habere
1018 873 1182 936 rationem
1199 878 1409 946 assuescant,
1430 867 1539 932 sublato

458 977 559 1044 iveri
577 975 718 1059 falsique
735 977 938 1042 discrimine.
954 990 971 1043 >

324 1103 429 1164 Majora
499 1080 566 1145 Sed
585 1081 693 1144 avitae
712 1081 952 1164 Hungarorum
971 1079 1123 1162 religioni
1143 1078 1269 1142 maiora
1287 1075 1493 1160 impendent,
1505 1074 1540 1136 uti

277 1168 427 1296 mm]
456 1185 655 1261 monuimus,
681 1185 815 1248 damna.
848 1183 1026 1267 Quotquot
1053 1183 1128 1245 istic
1153 1191 1233 1245 sunt
1250 1179 1378 1244 inimici
1407 1177 1540 1242 catholici

277 1297 337 1348 dent
353 1299 428 1347 Ηιιιι-
455 1290 600 1353 nominis
628 1311 695 1353 non
717 1289 930 1353 dissimulant
962 1286 1115 1370 prolecto
1141 1285 1222 1370 quid
1251 1285 1380 1348 velint:
1398 1283 1541 1355 nimirum,

294 1379 430 1494 rffw‘.
456 1392 556 1454 armis
581 1392 735 1455 omnibus
764 1392 804 1455 ad
835 1391 1024 1454 nocendum
1049 1389 1243 1471 aptioribus,
1260 1387 1341 1452 illud
1372 1385 1497 1467 assequi
1515 1393 1542 1446 ut

459 1493 610 1558 Ecclesia
626 1515 744 1577 resque
767 1496 932 1559 catholica
949 1495 982 1557 in
1010 1495 1210 1558 deteriorem
1229 1489 1382 1574 quotidie
1399 1487 1541 1553 conditio·

457 1619 534 1662 nem
550 1597 802 1682 compellantur.
820 1600 891 1663 Vos
916 1600 1038 1682 itaque,
1060 1595 1280 1662 Venerabiles
1305 1595 1450 1671 Fratres,
1465 1593 1541 1656 vehe-

278 1702 429 1809 l⁸2⁸wffl
458 1703 601 1766 mentius
632 1723 733 1785 quam
766 1723 914 1786 unquam
946 1705 1028 1767 alias
1059 1702 1242 1778 hortamur,
1275 1699 1358 1763 nulli
1388 1709 1427 1764 ut
1457 1696 1541 1762 labori

306 1829 429 1889 omnrope
456 1807 608 1888 parcatis,
625 1828 692 1889 quo
709 1818 841 1872 tantum
859 1807 1041 1890 periculum
1059 1826 1079 1870 a
1102 1825 1205 1890 grege
1221 1803 1316 1868 vobis
1328 1804 1541 1878 commissus

277 1892 430 2006 mfflf‘m
455 1911 563 1992 patria
590 1921 700 1974 vestra
725 1912 937 1993 propulsetis.
965 1949 1009 1960 -
1027 1911 1114 1974 Illud
1140 1909 1305 1992 imprimis
1322 1917 1440 1971 curate
1461 1916 1541 1987 atquc

454 2011 575 2078 efficite
593 2023 627 2077 ut
639 2014 793 2093 universi,
803 2014 962 2096 exemplo
979 2024 1012 2078 et
1028 2014 1228 2078 auctoritate
1239 2023 1348 2076 vestra
1361 2007 1539 2082 confirmati,

456 2115 624 2199 religionis
648 2136 800 2181 caussam
831 2117 933 2183 fortes
965 2127 998 2181 et
1030 2118 1172 2180 animosi
1201 2115 1399 2198 suscipiant,
1428 2113 1541 2178 firmiter

320 2277 354 2324 ln
366 2277 426 2323 m
455 2229 620 2285 tueantur.
637 2220 801 2298 Profecto,
817 2223 906 2285 haud
931 2243 1006 2286 raro
1018 2222 1150 2301 accidit,
1168 2220 1383 2303 nequeenim
1415 2215 1541 2282 reticebi-

305 2341 428 2454 2³‘5'“²‘³
456 2343 529 2388 mus
545 2324 579 2387 id
596 2325 685 2407 quod
699 2333 760 2402 est,
776 2335 813 2388 ut
830 2325 980 2389 nonnulli
998 2326 1084 2388 inter
1107 2323 1301 2400 catholicos,
1317 2341 1386 2404 quo
1414 2331 1541 2403 tempore

331 2423 354 2456 CC

285 2407 428 2534 s’urtn‘fsizf
455 2425 603 2487 maxime
630 2423 792 2488 deberent
817 2425 941 2490 virtute
975 2426 1235 2509 constantiaque
1264 2444 1399 2489 summa
1427 2425 1500 2489 eniti
1519 2423 1541 2484 iu

299 2545 426 2652 fffi'fss'
453 2527 587 2590 tuendis
614 2527 891 2611 vindicandisque
921 2529 1093 2594 Ecclesiae
1121 2531 1259 2606 iuribus,
1288 2529 1402 2612 specie
1418 2529 1541 2612 quadan

311 2667 430 2716 =‚„,„,·,„,·
453 2629 620 2693 humanae
637 2632 834 2712 prudentiae
851 2631 953 2708 ducti,
971 2631 1022 2694 vel
1040 2633 1073 2694 in
1097 2633 1231 2697 diversa
1248 2633 1382 2712 abeant,
1400 2633 1452 2698 vel
1465 2629 1540 2696 nimis

277 2734 426 2797 sturerfor-
455 2731 486 2794 in
513 2734 644 2796 actione
671 2733 807 2797 timidos
835 2733 1056 2816 remissusque
1072 2755 1107 2798 se
1130 2736 1321 2817 praebeant.
1339 2736 1450 2820 Atqui
1466 2734 1540 2798 lacile

279 2805 320 2848 ω’
455 2837 660 2917 perspicitur,
676 2838 864 2901 istiusmodi
882 2838 1003 2920 agendi
1033 2838 1197 2902 rationem
1215 2840 1372 2922 periculis
1396 2861 1476 2906 sane
1488 2858 1541 2922 gra·

454 2939 597 3002 vissimis
614 2941 743 3004 aditum
762 2941 958 3024 patefacere,
975 2944 1174 3024 praesertim
1193 2943 1220 3006 si
1248 2945 1347 3009 deiis
1364 2957 1484 3027 agatur
1502 2941 1541 3024 qui

455 3040 507 3103 vel
533 3046 730 3108 auctoritate
760 3046 910 3128 polleant
941 3047 992 3110 vel
1020 3047 1053 3110 in
1087 3048 1303 3129 opinionibus
1339 3044 1541 3115 multitudinis

455 3148 633 3230 plurimum
651 3150 789 3230 possint.
807 3152 942 3214 Praeter
958 3153 1047 3215 enim
1072 3171 1173 3234 quam
1190 3154 1280 3235 quod
1305 3151 1455 3220 officium
1471 3155 1540 3217 desc·
1575 3175 1576 3178 ¹

454 3253 536 3317 titur
551 3254 674 3316 iustum
688 3273 727 3318 ac
744 3254 906 3333 debitum,
934 3254 1023 3318 haud
1042 3254 1123 3318 levis
1150 3255 1347 3339 plerumque
1368 3255 1542 3322 offensionis

454 3355 590 3421 affertur
605 3377 731 3436 caussa,
747 3369 780 3421 et
797 3359 850 3422 via
867 3359 1099 3423 intercluditur
1111 3360 1154 3423 ad
1168 3381 1241 3424 earn
1260 3359 1480 3426 obtinendam
1494 3375 1541 3420 ser·

454 3464 666 3544 vandamque
682 3463 906 3540 concordiam,
916 3483 1003 3545 quae
1017 3463 1096 3527 lacit
1112 3474 1149 3529 ut
1165 3484 1283 3528 omnes
1296 3465 1387 3529 idem
1406 3464 1541 3532 sentiant,

454 3565 542 3628 idem
556 3586 616 3630 suo
628 3567 717 3630 facto
730 3568 958 3649 comprobent.
976 3567 1052 3650 Qua
1068 3587 1149 3632 sane
1166 3589 1209 3646 re,
1225 3569 1469 3632 catholicorum
1494 3563 1539 3628 scl-

276 3659 425 3774 samii
453 3669 530 3733 licet
545 3669 597 3733 vel
611 3671 740 3734 desidia
756 3673 805 3734 vel
823 3673 1041 3748 dissensione,
1057 3672 1140 3736 nihil
1158 3683 1271 3755 potest
1287 3674 1433 3738 inimicis
1449 3669 1540 3735 catho

299 3740 425 3867 aphses-r:
453 3774 506 3837 lici
532 3775 677 3837 nominis
704 3775 852 3856 optatius
880 3777 1095 3858 contingere:
1118 3778 1200 3840 haec
1229 3797 1351 3860 nempe
1383 3778 1471 3854 illuc,
1490 3791 1540 3857 quo
1573 3839 1574 3850 2

291 3863 426 3984 stili}
453 3879 598 3961 proclive
623 3887 682 3956 est,
708 3879 854 3942 crebrius
882 3882 1040 3958 evadunt,
1065 3891 1102 3946 ut
1132 3881 1275 3945 inimicis
1306 3883 1388 3964 ipsis
1420 3883 1539 3945 liberun

311 3985 425 4065 illusum
452 3984 718 4066 expeditumque
734 3985 776 4046 ad
795 3985 907 4065 peiora
924 3985 1080 4049 audenda
1108 3985 1218 4050 locum
1237 3986 1439 4068 relinquant.
1453 3983 1540 4066 Opot-

270 4055 423 4180 gffinssss]
452 4096 500 4149 tet
516 4105 596 4150 sane
610 4087 766 4150 omnibus
794 4089 826 4149 in
855 4087 953 4150 rebus
970 4089 1099 4152 consilii
1126 4088 1340 4170 prudentiam
1368 4097 1538 4170 temperari·
1572 4159 1573 4172 ἵ

270 4189 423 4311 mm·
452 4191 600 4273 tiamque
615 4191 739 4254 habere
766 4192 906 4255 comites
920 4214 927 4270 ;
952 4192 1103 4258 Ecclesia
1129 4195 1201 4275 ipsa
1218 4191 1289 4256 vult
1306 4193 1339 4255 in
1364 4189 1539 4256 defensione

273 4319 325 4362 rur.
451 4293 600 4358 veritatis
616 4295 803 4359 consultam
822 4295 972 4359 adhiberi
989 4297 1111 4379 agendi
1129 4299 1318 4362 rationem:
1342 4295 1425 4360 nihil
1442 4305 1536 4360 tamen
