3216 4880
446 286 566 336 runax
594 285 846 338 nuauxrrcus.
977 299 982 308 ·
1130 283 1201 354 337

143 397 374 408 ——-—.-.——

94 441 146 496 riet
159 439 206 511 qui
220 451 316 494 mente
328 437 451 506 humilis,
468 437 613 492 voluntate
627 436 690 506 pius
703 448 747 491 est
760 450 886 506 204·205.
902 465 936 475 -
949 435 1077 491 Providit
1089 450 1203 503 semper

95 530 228 588 Ecclesia
247 539 277 582 ut
297 527 326 582 in
347 527 420 580 filios
440 543 507 582 suos
529 526 707 582 saluberrimi
721 527 868 581 effluerent
882 526 910 580 S.
931 525 1095 594 Scripturae
1108 524 1203 578 sontes

95 632 153 690 205.
167 648 202 658 -
219 613 290 672 Inde
300 615 337 671 ab
350 613 431 669 initio
445 613 604 682 Ecclesiae,
617 613 697 668 multi
712 613 740 668 S.
755 614 931 684 scripturam
944 613 1092 669 coluerunt
1107 631 1112 666 :
1127 615 1203 680 Apo·

94 710 231 782 stolorum
243 705 374 776 discipuli
388 724 395 770 ;
417 703 595 773 Apologetae
609 723 616 768 ;
630 703 746 758 scholae
759 703 954 758 catecheticae
967 712 995 756 et
1014 699 1203 770 theologicae,

94 797 170 851 unde
191 793 318 867 plerique
340 791 504 864 prodierunt
527 793 678 856 Patres,et
697 791 851 862 scriptores
864 790 972 860 optime
994 789 1030 844 de
1047 807 1077 842 re
1096 787 1202 844 biblica

94 881 196 950 meriti,
208 883 285 952 apud
299 880 460 936 orientales
470 889 498 934 et
511 879 588 950 apud
606 879 809 934 occidentales
828 877 955 946 τος-206.
968 904 1003 914 -
1023 878 1128 932 Postea
1141 894 1203 947 per-

93 972 244 1040 vulgantur
256 979 383 1024 veterum
397 968 567 1037 scriptorum
580 983 676 1037 opera,
690 977 758 1038 apte
770 966 882 1035 digesta
895 985 902 1031 ;
915 965 988 1020 sacri
1002 965 1117 1021 codices
1129 967 1203 1034 glos·

93 1059 134 1113 sis
146 1059 332 1123 illustrantur,
344 1073 500 1127 eorumque
512 1056 660 1125 integritas
673 1065 789 1110 curatur
797 1056 858 1109 206.
871 1083 906 1092 -
917 1054 1038 1110 Saeculo
1052 1055 1111 1108 Xll
1123 1053 1204 1108 floret

92 1147 123 1202 S.
137 1147 299 1215 Scripturae
320 1145 473 1214 allegorica
490 1143 633 1198 enarratio
656 1143 716 1197 206.
737 1172 771 1182 -
789 1143 1032 1198 scholasticorum
1051 1139 1204 1210 disciplina

93 1252 169 1291 nova
180 1234 260 1289 addit
273 1233 375 1288 studiis
388 1233 501 1288 biblicis
514 1233 690 1288 incrementa
703 1233 828 1296 zob-207.
839 1259 873 1270 -
888 1231 1028 1286 Doctrina
1042 1231 1205 1299 Scripturae

93 1319 471 1387 excellueruntScholastici,
482 1318 900 1388 praecipueS.Thomas207.—
907 1318 1039 1373 Studium
1047 1319 1205 1372 litterarum

93 1407 283 1476 orientalium,
294 1408 469 1462 Graecorum
481 1407 519 1460 ad
532 1423 584 1462 uos
594 1416 708 1462 revecta
721 1405 850 1474 eruditio,
864 1417 893 1461 et
902 1423 949 1462 ars
961 1407 1078 1460 libraria
1090 1407 1205 1460 inventa
1224 1421 1238 1442 e

94 1497 133 1553 ad
155 1513 214 1550 rem
233 1495 368 1549 biblicam
387 1493 459 1548 mire
478 1493 643 1563 prosuerunt
666 1507 725 1558 207.
739 1523 774 1532 -
793 1495 820 1547 A
841 1493 997 1548 Viennensi
1019 1493 1148 1548 Concilio
1167 1493 1205 1546 ad

95 1580 185 1650 Trid.,
203 1582 283 1636 multi
307 1581 469 1650 Scripturae
489 1579 591 1635 studiis
610 1580 769 1635 excelluere
783 1594 845 1643 207.
860 1609 894 1618 -
914 1579 982 1634 Post
995 1579 1205 1646 Tridentinum,

95 1669 283 1724 rediissevisa
291 1666 1019 1733 estaureaPatrumaetas207·2o8.-Posterioribus
1029 1665 1206 1736 temporibus

96 1757 258 1812 vindicatur
266 1757 294 1812 S.
309 1755 455 1826 Scriptura
475 1767 574 1810 contra
587 1754 775 1810 rationalismi
789 1765 952 1810 commenta
966 1756 1065 1810 208.-
1074 1757 1144 1810 Pars
1157 1757 1184 1808 11
1200 1773 1206 1809 :

96 1847 220 1900 derecte
235 1845 401 1898 ordinandis
423 1846 453 1900 S.
469 1845 633 1914 Scripturae
650 1845 760 1900 studiis.
783 1847 829 1900 De
850 1845 1014 1915 Scripturae
1035 1845 1206 1900 adversariis

96 1932 236 1986 nonnulla
248 1931 474 2002 praemittuntur.
493 1933 537 1986 Ex
551 1932 773 1988 Protestantium
792 1949 889 1987 errore
902 1942 996 1987 ortum
1014 1934 1097 1987 traxit
1109 1935 1206 1988 Ratio·
1250 1961 1252 1966 ·

96 2019 266 2075 nalistarum
284 2019 417 2089 impietas
437 2019 613 2090 Scripturam
632 2019 759 2075 divinam
783 2019 960 2088 negantium,
973 2031 1002 2076 et
1024 2021 1118 2074 varias
1133 2020 1207 2074 illius

95 2107 907 2179 partesvariaarteimpugrrautium208·209.-Scientiam
917 2125 998 2164 suam
1007 2109 1061 2178 ipsi
1073 2108 1208 2162 Rationa-

96 2196 183 2250 listae
200 2195 337 2250 incertam
358 2195 465 2249 habeut
479 2209 539 2262 209.
554 2223 589 2234 -
604 2195 741 2249 Nonnulli
763 2211 798 2248 ex
818 2195 874 2250 illis
895 2211 1000 2250 nomen
1020 2195 1207 2250 christianum

97 2299 170 2353 prae
180 2299 212 2337 se
223 2283 378 2337 insolenter
390 2282 484 2338 lerunt
497 2297 556 2351 209.
570 2311 605 2322 —
614 2281 813 2337 Rationalistis
821 2300 852 2337 se
862 2282 972 2337 addunt
982 2283 1062 2337 multi
1077 2299 1093 2336 e
1106 2281 1210 2338 ceteris

97 2369 259 2440 disciplinis
272 2371 425 2441 adjutores.
439 2369 674 2440 Impugnatursic
684 2369 832 2439 Scriptura
845 2371 923 2440 apud
932 2370 1059 2425 eruditos
1071 2371 1210 2437 homines,

99 2455 1211 2527 apudindoctos,inadolescentiumscholis209.—Huicsalsinominisscientiae

99 2545 274 2615 opponenda
287 2555 330 2599 est
342 2546 461 2616 antiqua
473 2555 501 2600 et
513 2562 580 2601 vera
594 2547 757 2617 Scripturae
770 2545 891 2601 scientia
905 2559 965 2614 209.
980 2561 1014 2584 ·-
1033 2547 1067 2598 ln
1082 2545 1210 2600 Semina·

98 2633 150 2687 riis
170 2641 198 2687 et
222 2632 388 2688 Academiis
408 2649 521 2688 summa
540 2651 609 2689 cura
627 2634 798 2689 adhibeatur
820 2635 849 2688 in
863 2633 1010 2689 tradendis
1024 2634 1052 2688 S.
1074 2633 1211 2688 Litteris:

99 2719 233 2790 magistri
252 2720 442 2776 adhibeantur
463 2738 548 2791 pares
567 2721 671 2790 officio,
691 2732 719 2776 et
744 2722 897 2792 diligenter
918 2721 1083 2777 excolantur
1104 2721 1211 2776 alumni

99 2809 266 2878 magisterio
279 2810 346 2864 olim
358 2809 479 2864 functuri
494 2824 618 2878 209·210.
632 2839 667 2849 -
677 2811 829 2864 Tractatus
839 2809 875 2864 de
885 2809 1096 2865 introductione
1108 2809 1214 2864 biblica

100 2895 437 2951 notionemetutilitatem
448 2894 889 2964 Pontifexexponit210.—Hunc
898 2906 1050 2952 tractatum
1053 2897 1113 2966 jam
1119 2895 1213 2952 edocti

99 2985 219 3052 tirones,
233 2984 261 3040 S.
276 2983 439 3053 Scripturae
458 2982 576 3037 audiant
597 2982 870 3052 interpretationem,
884 2984 912 3037 in
926 3001 982 3054 qua
995 2985 1137 3055 proiectus
1150 2985 1213 3040 reli-

99 3071 197 3142 gionis
205 3081 233 3126 et
240 3071 351 3125 virtutis
364 3071 545 3142 quaerendus
554 3080 598 3126 est
612 3086 709 3126 ato·
723 3071 756 3125 In
770 3072 914 3142 plerisque
924 3073 1039 3139 scholis,
1047 3073 1213 3128 Academiis

76 3214 80 3222 ,
100 3157 260 3228 majoribus
269 3158 403 3228 exceptis,
411 3159 540 3227 magistri
551 3159 687 3214 librorum
697 3157 859 3228 Scripturae
871 3169 966 3229 partes
976 3159 1097 3228 seligant
1109 3160 1148 3214 ita
1158 3171 1214 3214 tra-

101 3245 223 3299 ctandas
233 3253 263 3299 ut
273 3245 404 3315 discipuli
412 3245 525 3300 discant
538 3246 662 3316 reliquas
673 3245 727 3316 ipsi
739 3248 882 3316 perlegere
893 3261 1018 3300 aro-211.
1029 3275 1064 3284 —
1074 3245 1214 3302 Versione

100 3331 463 3400 vulgatautantur,necnon
476 3343 504 3387 et
518 3332 634 3404 reliquis
646 3333 826 3389 versionibus
836 3343 864 3388 et
872 3333 1018 3388 codicibus
1028 3334 1214 3404 primigeniis,

101 3418 152 3476 ubi
172 3419 365 3476 necessarium
386 3421 469 3476 fuerit
492 3422 529 3476 ad
541 3422 760 3492 expendendam
774 3423 915 3492 Vulgatae
934 3421 1085 3477 lectionem
1099 3437 1159 3476 211.
1179 3451 1214 3460 -

103 3511 213 3564 Sensus
232 3511 312 3580 juxta
333 3511 454 3580 probata
476 3510 681 3580 interpretandi
695 3521 850 3580 praecepta
862 3511 1085 3581 perscrutandus
1099 3525 1159 3566 211.
1180 3539 1213 3550 -

102 3595 267 3652 Eruditioni
277 3615 335 3651 non
343 3597 429 3652 nimis
442 3597 648 3652 inhaerendum
658 3613 688 3652 21
696 3613 718 3652 r.
729 3627 764 3638 -
775 3599 868 3653 Usum
883 3599 1045 3668 Scripturae
1054 3601 1083 3652 in
1094 3617 1124 3653 re
1135 3600 1213 3652 theo·

101 3683 198 3752 logica
210 3687 396 3754 expositurus,
409 3695 490 3740 notat
503 3687 633 3741 Pontifex
646 3687 724 3741 illam
737 3685 775 3742 ob
787 3687 924 3756 mysteria
946 3703 1019 3757 quae
1041 3687 1168 3742 continet
1187 3695 1215 3740 et

102 3773 200 3828 varios
211 3791 283 3846 quos
296 3775 382 3830 habet
395 3791 504 3842 sensus,
518 3776 692 3830 obscuritate
705 3777 831 3846 quadam
845 3775 950 3830 involvi
963 3776 1047 3831 nobis
1064 3775 1215 3830 utilissima

103 3873 231 3915 211·212.
242 3889 277 3900 —
290 3863 341 3917 SS.
353 3863 462 3930 Patres,
473 3873 559 3932 atque
568 3863 616 3917 Cc.
631 3863 708 3916 Trid.
718 3871 746 3916 et
757 3863 849 3917 Vatic.
861 3863 966 3918 docent
976 3879 1074 3918 verum
1089 3863 1214 3933 Scriptu-

102 3964 155 4002 rae
167 3965 282 4003 sensum
295 3966 360 4004 eum
373 3966 438 4004 esse
450 3965 535 4020 quem
549 3959 626 4004 tenet
641 3949 773 4004 Ecclesia
786 3965 845 4004 212.
860 3977 895 3988 -
910 3950 963 4004 Ilia
982 3967 1065 4005 verae
1078 3951 1215 4022 interpre-

103 4036 223 4092 tationis
236 4038 280 4092 lex
292 4053 349 4091 non
360 4047 443 4092 nocet
457 4037 594 4092 scientiae
606 4036 738 4105 biblicae,
747 4038 798 4091 sed
809 4039 929 4092 multum
942 4037 967 4091 ei
981 4038 1098 4107 prodest
1112 4053 1172 4093 212.
1181 4068 1215 4077 -

107 4125 268 4177 Doctorum
280 4141 346 4178 vero
360 4123 454 4178 studia
467 4123 507 4177 rei
521 4123 644 4178 biblicae
658 4123 809 4178 utilissima
822 4135 887 4180 sunt
901 4139 1027 4192 212·213.
1040 4155 1075 4164 -
1089 4125 1119 4178 Si
1132 4125 1216 4180 fuerit

107 4210 272 4280 Scripturae
286 4229 388 4267 sensus
406 4212 569 4268 authentice
581 4211 752 4282 declaratus,
765 4213 841 4268 hunc
852 4223 948 4268 teneat
961 4215 1099 4284 interpres
1120 4214 1216 4268 catho-

160 4357 216 4400 Acta
231 4359 308 4402 Leonis
322 4359 391 4400 Xlli.
1056 4356 1081 4402 V.
1095 4382 1120 4390 —
1134 4375 1166 4400 aa.
