<?xml version="1.0" encoding="UTF-8"?>
<!DOCTYPE html PUBLIC "-//W3C//DTD XHTML 1.0 Transitional//EN"
    "http://www.w3.org/TR/xhtml1/DTD/xhtml1-transitional.dtd">
<html xmlns="http://www.w3.org/1999/xhtml" xml:lang="en" lang="en">
 <head>
  <title>
</title>
<meta http-equiv="Content-Type" content="text/html;charset=utf-8" />
  <meta name='ocr-system' content='tesseract 3.04.00' />
  <meta name='ocr-capabilities' content='ocr_page ocr_carea ocr_par ocr_line ocrx_word'/>
</head>
<body>
  <div class='ocr_page' id='page_1' title='image "./sanctissimidomi01xiiigoog_0351.png"; bbox 0 0 3216 4880; ppageno 0'>
   <div class='ocr_carea' id='block_1_1' title="bbox 380 231 1136 306">
    <p class='ocr_par' dir='ltr' id='par_1_1' title="bbox 380 231 1136 306">
     <span class='ocr_line' id='line_1_1' title="bbox 380 231 1136 306; baseline -0.033 0"><span class='ocrx_word' id='word_1_1' title='bbox 380 235 453 306; x_wconf 84' lang='lat'>344</span> <span class='ocrx_word' id='word_1_2' title='bbox 734 231 856 282; x_wconf 80' lang='lat' dir='ltr'>moax</span> <span class='ocrx_word' id='word_1_3' title='bbox 884 231 1136 282; x_wconf 76' lang='lat' dir='ltr'>anacxrrcus.</span> 
     </span>
    </p>
   </div>
   <div class='ocr_carea' id='block_1_2' title="bbox 378 384 1493 618">
    <p class='ocr_par' dir='ltr' id='par_1_2' title="bbox 378 384 1493 618">
     <span class='ocr_line' id='line_1_2' title="bbox 379 384 1492 458; baseline -0.002 -17"><span class='ocrx_word' id='word_1_4' title='bbox 379 385 448 441; x_wconf 88' lang='lat' dir='ltr'>solis</span> <span class='ocrx_word' id='word_1_5' title='bbox 466 385 708 454; x_wconf 78' lang='lat' dir='ltr'>demandandum,</span> <span class='ocrx_word' id='word_1_6' title='bbox 721 402 793 457; x_wconf 92' lang='lat' dir='ltr'>quos</span> <span class='ocrx_word' id='word_1_7' title='bbox 814 389 883 458; x_wconf 89' lang='lat' dir='ltr'>Jesu</span> <span class='ocrx_word' id='word_1_8' title='bbox 905 401 986 441; x_wconf 90' lang='lat' dir='ltr'>amor</span> <span class='ocrx_word' id='word_1_9' title='bbox 998 385 1125 440; x_wconf 86' lang='lat' dir='ltr'>incendit</span> <span class='ocrx_word' id='word_1_10' title='bbox 1135 384 1353 456; x_wconf 86' lang='lat' dir='ltr'>animarumque</span> <span class='ocrx_word' id='word_1_11' title='bbox 1367 387 1492 440; x_wconf 90' lang='lat' dir='ltr'>studium</span> 
     </span>
     <span class='ocr_line' id='line_1_3' title="bbox 378 471 1491 544; baseline 0.002 -18"><span class='ocrx_word' id='word_1_12' title='bbox 378 471 505 540; x_wconf 82' lang='lat'>263-264.</span> <span class='ocrx_word' id='word_1_13' title='bbox 519 501 554 512; x_wconf 85' lang='lat'><em>-</em></span> <span class='ocrx_word' id='word_1_14' title='bbox 564 479 593 540; x_wconf 88' lang='lat'>3⁰</span> <span class='ocrx_word' id='word_1_15' title='bbox 606 472 712 528; x_wconf 89' lang='lat' dir='ltr'>Curent</span> <span class='ocrx_word' id='word_1_16' title='bbox 735 473 874 544; x_wconf 84' lang='lat' dir='ltr'>Episcopi</span> <span class='ocrx_word' id='word_1_17' title='bbox 895 483 926 528; x_wconf 90' lang='lat' dir='ltr'>ut</span> <span class='ocrx_word' id='word_1_18' title='bbox 947 473 984 527; x_wconf 90' lang='lat' dir='ltr'>ad</span> <span class='ocrx_word' id='word_1_19' title='bbox 999 473 1104 527; x_wconf 88' lang='lat' dir='ltr'>Christi</span> <span class='ocrx_word' id='word_1_20' title='bbox 1124 473 1220 526; x_wconf 88' lang='lat' dir='ltr'>lumen</span> <span class='ocrx_word' id='word_1_21' title='bbox 1239 472 1427 528; x_wconf 83' lang='lat' dir='ltr'>adducantur</span> <span class='ocrx_word' id='word_1_22' title='bbox 1445 475 1491 544; x_wconf 83' lang='lat' dir='ltr'>qui</span> 
     </span>
     <span class='ocr_line' id='line_1_4' title="bbox 379 559 1493 618; baseline 0.001 -2"><span class='ocrx_word' id='word_1_23' title='bbox 379 561 479 616; x_wconf 82' lang='lat' dir='ltr'>sedent</span> <span class='ocrx_word' id='word_1_24' title='bbox 494 575 497 582; x_wconf 92' lang='lat'>·</span> <span class='ocrx_word' id='word_1_25' title='bbox 512 559 607 614; x_wconf 90' lang='lat' dir='ltr'>adhuc</span> <span class='ocrx_word' id='word_1_26' title='bbox 629 559 658 614; x_wconf 92' lang='lat' dir='ltr'>in</span> <span class='ocrx_word' id='word_1_27' title='bbox 682 561 816 615; x_wconf 90' lang='lat' dir='ltr'>tenebris.</span> <span class='ocrx_word' id='word_1_28' title='bbox 843 561 949 616; x_wconf 84' lang='lat' dir='ltr'>Statuit</span> <span class='ocrx_word' id='word_1_29' title='bbox 971 560 1048 615; x_wconf 85' lang='lat' dir='ltr'>eninr</span> <span class='ocrx_word' id='word_1_30' title='bbox 1070 561 1149 614; x_wconf 92' lang='lat' dir='ltr'>Deus</span> <span class='ocrx_word' id='word_1_31' title='bbox 1180 559 1313 614; x_wconf 90' lang='lat' dir='ltr'>homines</span> <span class='ocrx_word' id='word_1_32' title='bbox 1344 577 1493 618; x_wconf 86' lang='lat' dir='ltr'>assumere</span> 
     </span>
    </p>
   </div>
   <div class='ocr_carea' id='block_1_3' title="bbox 378 645 1493 1166">
    <p class='ocr_par' dir='ltr' id='par_1_3' title="bbox 378 645 1493 1166">
     <span class='ocr_line' id='line_1_5' title="bbox 378 645 1492 718; baseline 0.003 -17"><span class='ocrx_word' id='word_1_33' title='bbox 378 647 488 718; x_wconf 88' lang='lat' dir='ltr'>gratiae</span> <span class='ocrx_word' id='word_1_34' title='bbox 498 663 567 702; x_wconf 89' lang='lat' dir='ltr'>suae</span> <span class='ocrx_word' id='word_1_35' title='bbox 576 645 722 702; x_wconf 90' lang='lat' dir='ltr'>ministros</span> <span class='ocrx_word' id='word_1_36' title='bbox 735 647 764 702; x_wconf 89' lang='lat' dir='ltr'>in</span> <span class='ocrx_word' id='word_1_37' title='bbox 775 649 897 702; x_wconf 87' lang='lat' dir='ltr'>salutem</span> <span class='ocrx_word' id='word_1_38' title='bbox 905 647 1065 702; x_wconf 88' lang='lat' dir='ltr'>animarum</span> <span class='ocrx_word' id='word_1_39' title='bbox 1077 646 1243 716; x_wconf 81' lang='lat'><strong>264·265.-</strong></span> <span class='ocrx_word' id='word_1_40' title='bbox 1253 647 1492 717; x_wconf 85' lang='lat' dir='ltr'>Multiplicandae</span> 
     </span>
     <span class='ocr_line' id='line_1_6' title="bbox 378 732 1491 806; baseline 0.003 -19"><span class='ocrx_word' id='word_1_41' title='bbox 378 732 464 801; x_wconf 87' lang='lat' dir='ltr'>igitur</span> <span class='ocrx_word' id='word_1_42' title='bbox 477 733 553 803; x_wconf 92' lang='lat' dir='ltr'>apud</span> <span class='ocrx_word' id='word_1_43' title='bbox 569 733 657 788; x_wconf 83' lang='lat' dir='ltr'>Indos</span> <span class='ocrx_word' id='word_1_44' title='bbox 670 734 866 804; x_wconf 85' lang='lat' dir='ltr'>expeditiones</span> <span class='ocrx_word' id='word_1_45' title='bbox 888 750 988 789; x_wconf 91' lang='lat' dir='ltr'>sacrae</span> <span class='ocrx_word' id='word_1_46' title='bbox 1011 735 1071 802; x_wconf 83' lang='lat'>265.</span> <span class='ocrx_word' id='word_1_47' title='bbox 1086 761 1120 771; x_wconf 98' lang='lat'>-</span> <span class='ocrx_word' id='word_1_48' title='bbox 1133 736 1160 799; x_wconf 86' lang='lat'>4⁰</span> <span class='ocrx_word' id='word_1_49' title='bbox 1171 733 1418 802; x_wconf 89' lang='lat' dir='ltr'>Ephemeridibus</span> <span class='ocrx_word' id='word_1_50' title='bbox 1432 754 1491 806; x_wconf 84' lang='lat' dir='ltr'>per·</span> 
     </span>
     <span class='ocr_line' id='line_1_7' title="bbox 378 823 1492 896; baseline 0.004 -19"><span class='ocrx_word' id='word_1_51' title='bbox 378 825 469 878; x_wconf 89' lang='lat' dir='ltr'>versis</span> <span class='ocrx_word' id='word_1_52' title='bbox 482 825 575 880; x_wconf 90' lang='lat' dir='ltr'>bonae</span> <span class='ocrx_word' id='word_1_53' title='bbox 588 835 777 896; x_wconf 91' lang='lat' dir='ltr'>opponantur.</span> <span class='ocrx_word' id='word_1_54' title='bbox 792 825 855 880; x_wconf 90' lang='lat' dir='ltr'>Sint</span> <span class='ocrx_word' id='word_1_55' title='bbox 878 825 1032 895; x_wconf 85' lang='lat' dir='ltr'>scriptores</span> <span class='ocrx_word' id='word_1_56' title='bbox 1052 823 1171 879; x_wconf 88' lang='lat' dir='ltr'>scientia</span> <span class='ocrx_word' id='word_1_57' title='bbox 1192 833 1221 879; x_wconf 92' lang='lat' dir='ltr'>et</span> <span class='ocrx_word' id='word_1_58' title='bbox 1242 824 1347 880; x_wconf 92' lang='lat' dir='ltr'>virtute</span> <span class='ocrx_word' id='word_1_59' title='bbox 1360 827 1492 895; x_wconf 87' lang='lat' dir='ltr'>praediti,</span> 
     </span>
     <span class='ocr_line' id='line_1_8' title="bbox 378 913 1491 986; baseline 0.002 -20"><span class='ocrx_word' id='word_1_60' title='bbox 378 929 495 968; x_wconf 90' lang='lat' dir='ltr'>suorum</span> <span class='ocrx_word' id='word_1_61' title='bbox 515 913 672 967; x_wconf 85' lang='lat' dir='ltr'>officiorum</span> <span class='ocrx_word' id='word_1_62' title='bbox 693 931 844 981; x_wconf 85' lang='lat' dir='ltr'>memores,</span> <span class='ocrx_word' id='word_1_63' title='bbox 864 923 951 986; x_wconf 88' lang='lat' dir='ltr'>atque</span> <span class='ocrx_word' id='word_1_64' title='bbox 973 914 1182 984; x_wconf 88' lang='lat' dir='ltr'>Episcoporum</span> <span class='ocrx_word' id='word_1_65' title='bbox 1195 913 1292 968; x_wconf 89' lang='lat' dir='ltr'>ductui</span> <span class='ocrx_word' id='word_1_66' title='bbox 1306 913 1491 984; x_wconf 81' lang='lat' dir='ltr'>consiliisque</span> 
     </span>
     <span class='ocr_line' id='line_1_9' title="bbox 379 1000 1493 1070; baseline 0.002 -16"><span class='ocrx_word' id='word_1_67' title='bbox 379 1002 572 1070; x_wconf 88' lang='lat' dir='ltr'>obsequentes</span> <span class='ocrx_word' id='word_1_68' title='bbox 591 1001 651 1068; x_wconf 82' lang='lat'>265.</span> <span class='ocrx_word' id='word_1_69' title='bbox 671 1027 706 1038; x_wconf 89' lang='grc'><strong>-</strong></span> <span class='ocrx_word' id='word_1_70' title='bbox 723 1001 804 1070; x_wconf 84' lang='lat' dir='ltr'>Quae</span> <span class='ocrx_word' id='word_1_71' title='bbox 824 1011 855 1055; x_wconf 93' lang='lat' dir='ltr'>ut</span> <span class='ocrx_word' id='word_1_72' title='bbox 870 1017 1007 1070; x_wconf 85' lang='lat' dir='ltr'>prospere</span> <span class='ocrx_word' id='word_1_73' title='bbox 1028 1000 1191 1070; x_wconf 88' lang='lat' dir='ltr'>succedant,</span> <span class='ocrx_word' id='word_1_74' title='bbox 1212 1001 1346 1070; x_wconf 86' lang='lat' dir='ltr'>implorat</span> <span class='ocrx_word' id='word_1_75' title='bbox 1362 1001 1493 1056; x_wconf 76' lang='lat' dir='ltr'>Pontifex</span> 
     </span>
     <span class='ocr_line' id='line_1_10' title="bbox 379 1073 829 1166; baseline -0.002 -23"><span class='ocrx_word' id='word_1_76' title='bbox 379 1073 502 1144; x_wconf 79' lang='lat' dir='ltr'>coeleste</span> <span class='ocrx_word' id='word_1_77' title='bbox 515 1087 689 1158; x_wconf 87' lang='lat' dir='ltr'>praesidium</span> <span class='ocrx_word' id='word_1_78' title='bbox 703 1089 829 1166; x_wconf 58' lang='grc' dir='ltr'>ι265466.</span> 
     </span>
    </p>
   </div>
   <div class='ocr_carea' id='block_1_4' title="bbox 379 1195 1579 1442">
    <p class='ocr_par' dir='ltr' id='par_1_4' title="bbox 379 1195 1579 1442">
     <span class='ocr_line' id='line_1_11' title="bbox 414 1195 1399 1258; baseline 0.002 -13"><span class='ocrx_word' id='word_1_79' title='bbox 414 1195 467 1245; x_wconf 90' lang='grc'>50.</span> <span class='ocrx_word' id='word_1_80' title='bbox 487 1197 695 1247; x_wconf 81' lang='lat' dir='ltr'>EPISTOLA</span> <span class='ocrx_word' id='word_1_81' title='bbox 710 1198 752 1246; x_wconf 86' lang='lat' dir='ltr'>ad</span> <span class='ocrx_word' id='word_1_82' title='bbox 772 1197 866 1248; x_wconf 80' lang='lat' dir='ltr'>card.</span> <span class='ocrx_word' id='word_1_83' title='bbox 882 1197 1084 1256; x_wconf 78' lang='lat' dir='ltr'>Schbnborn,</span> <span class='ocrx_word' id='word_1_84' title='bbox 1101 1197 1303 1258; x_wconf 83' lang='lat' dir='ltr'>Arohleplso.</span> <span class='ocrx_word' id='word_1_85' title='bbox 1323 1197 1399 1247; x_wconf 80' lang='lat' dir='ltr'>Pra-</span> 
     </span>
     <span class='ocr_line' id='line_1_12' title="bbox 379 1285 1578 1348; baseline 0.004 -15"><span class='ocrx_word' id='word_1_86' title='bbox 379 1295 510 1348; x_wconf 85' lang='lat' dir='ltr'>gensern</span> <span class='ocrx_word' id='word_1_87' title='bbox 521 1285 562 1334; x_wconf 86' lang='lat' dir='ltr'>de</span> <span class='ocrx_word' id='word_1_88' title='bbox 571 1285 829 1334; x_wconf 83' lang='lat' dir='ltr'>adolescentlum</span> <span class='ocrx_word' id='word_1_89' title='bbox 843 1285 1051 1336; x_wconf 79' lang='lat' dir='ltr'>institutione</span> <span class='ocrx_word' id='word_1_90' title='bbox 1064 1285 1099 1334; x_wconf 92' lang='lat' dir='ltr'>ln</span> <span class='ocrx_word' id='word_1_91' title='bbox 1112 1285 1232 1334; x_wconf 81' lang='lat' dir='ltr'>scholis</span> <span class='ocrx_word' id='word_1_92' title='bbox 1245 1285 1398 1346; x_wconf 80' lang='lat' dir='ltr'>publicis.</span> <span class='ocrx_word' id='word_1_93' title='bbox 1577 1335 1578 1338; x_wconf 74' lang='grc'>,</span> 
     </span>
     <span class='ocr_line' id='line_1_13' title="bbox 380 1367 1579 1442; baseline 0 -20"><span class='ocrx_word' id='word_1_94' title='bbox 380 1397 411 1408; x_wconf 87' lang='grc'><strong>-</strong></span> <span class='ocrx_word' id='word_1_95' title='bbox 434 1373 448 1422; x_wconf 91' lang='grc'>1</span> <span class='ocrx_word' id='word_1_96' title='bbox 469 1374 552 1424; x_wconf 86' lang='lat' dir='ltr'>Mall</span> <span class='ocrx_word' id='word_1_97' title='bbox 573 1373 666 1425; x_wconf 78' lang='lat'>1894.</span> <span class='ocrx_word' id='word_1_98' title='bbox 1334 1384 1398 1437; x_wconf 86' lang='lat' dir='ltr'>pag.</span> <span class='ocrx_word' id='word_1_99' title='bbox 1439 1367 1489 1434; x_wconf 86' lang='lat'>267</span> <span class='ocrx_word' id='word_1_100' title='bbox 1578 1439 1579 1442; x_wconf 8' lang='grc' dir='ltr'><strong>Ἴ</strong></span> 
     </span>
    </p>
   </div>
   <div class='ocr_carea' id='block_1_5' title="bbox 379 1471 1492 2240">
    <p class='ocr_par' dir='ltr' id='par_1_5' title="bbox 379 1471 1492 2240">
     <span class='ocr_line' id='line_1_14' title="bbox 412 1471 1489 1544; baseline 0.001 -19"><span class='ocrx_word' id='word_1_101' title='bbox 412 1471 547 1541; x_wconf 87' lang='lat' dir='ltr'>Acceptis</span> <span class='ocrx_word' id='word_1_102' title='bbox 560 1473 597 1527; x_wconf 90' lang='lat' dir='ltr'>ab</span> <span class='ocrx_word' id='word_1_103' title='bbox 614 1473 747 1528; x_wconf 88' lang='lat' dir='ltr'>Austriae</span> <span class='ocrx_word' id='word_1_104' title='bbox 761 1472 913 1544; x_wconf 86' lang='lat' dir='ltr'>Episcopis</span> <span class='ocrx_word' id='word_1_105' title='bbox 926 1471 1026 1528; x_wconf 88' lang='lat' dir='ltr'>litteris</span> <span class='ocrx_word' id='word_1_106' title='bbox 1038 1483 1103 1542; x_wconf 90' lang='lat' dir='ltr'>post</span> <span class='ocrx_word' id='word_1_107' title='bbox 1124 1482 1272 1540; x_wconf 87' lang='lat' dir='ltr'>peractum</span> <span class='ocrx_word' id='word_1_108' title='bbox 1288 1483 1400 1528; x_wconf 87' lang='lat' dir='ltr'>coetum</span> <span class='ocrx_word' id='word_1_109' title='bbox 1421 1473 1489 1527; x_wconf 92' lang='lat' dir='ltr'>Vin·</span> 
     </span>
     <span class='ocr_line' id='line_1_15' title="bbox 380 1557 1491 1630; baseline 0.002 -17"><span class='ocrx_word' id='word_1_110' title='bbox 380 1560 584 1627; x_wconf 88' lang='lat' dir='ltr'>dobonensem,</span> <span class='ocrx_word' id='word_1_111' title='bbox 597 1561 694 1614; x_wconf 89' lang='lat' dir='ltr'>laudat</span> <span class='ocrx_word' id='word_1_112' title='bbox 708 1561 786 1630; x_wconf 91' lang='lat' dir='ltr'>ipsos</span> <span class='ocrx_word' id='word_1_113' title='bbox 800 1560 931 1614; x_wconf 83' lang='lat' dir='ltr'>Pontifex</span> <span class='ocrx_word' id='word_1_114' title='bbox 944 1561 973 1616; x_wconf 90' lang='lat' dir='ltr'>S.</span> <span class='ocrx_word' id='word_1_115' title='bbox 987 1558 1070 1616; x_wconf 90' lang='lat' dir='ltr'>Sedis</span> <span class='ocrx_word' id='word_1_116' title='bbox 1083 1560 1263 1614; x_wconf 89' lang='lat' dir='ltr'>documentis</span> <span class='ocrx_word' id='word_1_117' title='bbox 1274 1557 1395 1615; x_wconf 87' lang='lat' dir='ltr'>fideliter</span> <span class='ocrx_word' id='word_1_118' title='bbox 1406 1562 1491 1616; x_wconf 90' lang='lat' dir='ltr'>obse·</span> 
     </span>
     <span class='ocr_line' id='line_1_16' title="bbox 379 1647 1489 1718; baseline 0.001 -16"><span class='ocrx_word' id='word_1_119' title='bbox 379 1658 460 1703; x_wconf 89' lang='lat' dir='ltr'>cutos</span> <span class='ocrx_word' id='word_1_120' title='bbox 486 1648 546 1714; x_wconf 88' lang='lat'>267.</span> <span class='ocrx_word' id='word_1_121' title='bbox 573 1677 607 1687; x_wconf 96' lang='lat'><strong>—</strong></span> <span class='ocrx_word' id='word_1_122' title='bbox 633 1650 697 1704; x_wconf 91' lang='lat' dir='ltr'>Deo</span> <span class='ocrx_word' id='word_1_123' title='bbox 721 1649 806 1702; x_wconf 79' lang='lat' dir='ltr'>refert</span> <span class='ocrx_word' id='word_1_124' title='bbox 826 1657 974 1718; x_wconf 87' lang='lat' dir='ltr'>acceptam</span> <span class='ocrx_word' id='word_1_125' title='bbox 1007 1647 1035 1702; x_wconf 90' lang='lat' dir='ltr'>ln</span> <span class='ocrx_word' id='word_1_126' title='bbox 1068 1657 1203 1718; x_wconf 89' lang='lat' dir='ltr'>provecta</span> <span class='ocrx_word' id='word_1_127' title='bbox 1227 1659 1322 1703; x_wconf 90' lang='lat' dir='ltr'>aetate</span> <span class='ocrx_word' id='word_1_128' title='bbox 1347 1648 1489 1718; x_wconf 82' lang='lat' dir='ltr'>integram</span> 
     </span>
     <span class='ocr_line' id='line_1_17' title="bbox 379 1733 1488 1806; baseline -0.001 -17"><span class='ocrx_word' id='word_1_129' title='bbox 379 1735 582 1804; x_wconf 87' lang='lat' dir='ltr'>valetudinem,</span> <span class='ocrx_word' id='word_1_130' title='bbox 607 1751 768 1806; x_wconf 79' lang='lat' dir='ltr'>perquam</span> <span class='ocrx_word' id='word_1_131' title='bbox 794 1735 848 1789; x_wconf 92' lang='lat' dir='ltr'>sibi</span> <span class='ocrx_word' id='word_1_132' title='bbox 872 1735 956 1789; x_wconf 91' lang='lat' dir='ltr'>liceat</span> <span class='ocrx_word' id='word_1_133' title='bbox 975 1735 1096 1789; x_wconf 89' lang='lat' dir='ltr'>arduum</span> <span class='ocrx_word' id='word_1_134' title='bbox 1108 1733 1228 1804; x_wconf 87' lang='lat' dir='ltr'>implere</span> <span class='ocrx_word' id='word_1_135' title='bbox 1248 1751 1351 1789; x_wconf 88' lang='lat' dir='ltr'>munus</span> <span class='ocrx_word' id='word_1_136' title='bbox 1371 1736 1488 1802; x_wconf 87' lang='lat' dir='ltr'>regendi</span> 
     </span>
     <span class='ocr_line' id='line_1_18' title="bbox 381 1821 1489 1900; baseline -0.002 -22"><span class='ocrx_word' id='word_1_137' title='bbox 381 1823 542 1900; x_wconf 83' lang='lat' dir='ltr'>Ecclesiam</span> <span class='ocrx_word' id='word_1_138' title='bbox 555 1843 563 1888; x_wconf 73' lang='lat'>3</span> <span class='ocrx_word' id='word_1_139' title='bbox 577 1823 652 1894; x_wconf 91' lang='lat' dir='ltr'>quod</span> <span class='ocrx_word' id='word_1_140' title='bbox 666 1823 782 1892; x_wconf 90' lang='lat' dir='ltr'>quidem</span> <span class='ocrx_word' id='word_1_141' title='bbox 796 1833 892 1894; x_wconf 88' lang='lat' dir='ltr'>sperat</span> <span class='ocrx_word' id='word_1_142' title='bbox 904 1833 932 1877; x_wconf 90' lang='lat' dir='ltr'>et</span> <span class='ocrx_word' id='word_1_143' title='bbox 941 1823 1050 1894; x_wconf 89' lang='lat' dir='ltr'>reliqua</span> <span class='ocrx_word' id='word_1_144' title='bbox 1060 1821 1118 1876; x_wconf 90' lang='lat' dir='ltr'>vita</span> <span class='ocrx_word' id='word_1_145' title='bbox 1131 1839 1162 1877; x_wconf 91' lang='lat' dir='ltr'>se</span> <span class='ocrx_word' id='word_1_146' title='bbox 1175 1823 1366 1892; x_wconf 90' lang='lat' dir='ltr'>impleturum,</span> <span class='ocrx_word' id='word_1_147' title='bbox 1376 1823 1489 1893; x_wconf 91' lang='lat' dir='ltr'>conspi-</span> 
     </span>
     <span class='ocr_line' id='line_1_19' title="bbox 379 1909 1490 1981; baseline -0.002 -15"><span class='ocrx_word' id='word_1_148' title='bbox 379 1912 508 1966; x_wconf 88' lang='lat' dir='ltr'>rantibus</span> <span class='ocrx_word' id='word_1_149' title='bbox 530 1928 627 1965; x_wconf 90' lang='lat' dir='ltr'>secum</span> <span class='ocrx_word' id='word_1_150' title='bbox 648 1911 800 1981; x_wconf 87' lang='lat' dir='ltr'>Episcopis</span> <span class='ocrx_word' id='word_1_151' title='bbox 823 1911 948 1977; x_wconf 82' lang='lat'>267-268.</span> <span class='ocrx_word' id='word_1_152' title='bbox 963 1939 997 1949; x_wconf 94' lang='lat'>—</span> <span class='ocrx_word' id='word_1_153' title='bbox 1012 1911 1057 1964; x_wconf 92' lang='lat' dir='ltr'>De</span> <span class='ocrx_word' id='word_1_154' title='bbox 1077 1909 1309 1965; x_wconf 89' lang='lat' dir='ltr'>adolescentibus</span> <span class='ocrx_word' id='word_1_155' title='bbox 1331 1911 1360 1964; x_wconf 94' lang='lat' dir='ltr'>in</span> <span class='ocrx_word' id='word_1_156' title='bbox 1382 1911 1490 1966; x_wconf 89' lang='lat' dir='ltr'>scholis</span> 
     </span>
     <span class='ocr_line' id='line_1_20' title="bbox 380 1997 1491 2071; baseline -0.004 -17"><span class='ocrx_word' id='word_1_157' title='bbox 380 1998 501 2071; x_wconf 90' lang='lat' dir='ltr'>publicis</span> <span class='ocrx_word' id='word_1_158' title='bbox 519 1999 573 2052; x_wconf 90' lang='lat' dir='ltr'>rite</span> <span class='ocrx_word' id='word_1_159' title='bbox 585 1997 767 2053; x_wconf 90' lang='lat' dir='ltr'>instituendis</span> <span class='ocrx_word' id='word_1_160' title='bbox 786 1997 933 2065; x_wconf 87' lang='lat' dir='ltr'>sollicitus,</span> <span class='ocrx_word' id='word_1_161' title='bbox 946 1998 1052 2066; x_wconf 91' lang='lat' dir='ltr'>gaudet</span> <span class='ocrx_word' id='word_1_162' title='bbox 1076 1997 1206 2051; x_wconf 80' lang='lat' dir='ltr'>Pontifex</span> <span class='ocrx_word' id='word_1_163' title='bbox 1219 1997 1255 2050; x_wconf 91' lang='lat' dir='ltr'>de</span> <span class='ocrx_word' id='word_1_164' title='bbox 1268 1997 1304 2050; x_wconf 92' lang='lat' dir='ltr'>iis</span> <span class='ocrx_word' id='word_1_165' title='bbox 1316 2013 1391 2067; x_wconf 88' lang='lat' dir='ltr'>quae</span> <span class='ocrx_word' id='word_1_166' title='bbox 1402 2015 1422 2050; x_wconf 90' lang='lat' dir='ltr'>a</span> <span class='ocrx_word' id='word_1_167' title='bbox 1433 2007 1491 2051; x_wconf 90' lang='lat' dir='ltr'>stu·</span> 
     </span>
     <span class='ocr_line' id='line_1_21' title="bbox 380 2083 1492 2153; baseline -0.004 -12"><span class='ocrx_word' id='word_1_168' title='bbox 380 2086 492 2141; x_wconf 90' lang='lat' dir='ltr'>diorum</span> <span class='ocrx_word' id='word_1_169' title='bbox 502 2085 682 2139; x_wconf 88' lang='lat' dir='ltr'>moderatore</span> <span class='ocrx_word' id='word_1_170' title='bbox 692 2101 726 2140; x_wconf 93' lang='lat' dir='ltr'>ea</span> <span class='ocrx_word' id='word_1_171' title='bbox 736 2083 1492 2153; x_wconf 87' lang='lat' dir='ltr'>deresuntedicta268.-lisrefutatisquidissidium</span> 
     </span>
     <span class='ocr_line' id='line_1_22' title="bbox 380 2173 1490 2240; baseline -0.003 -11"><span class='ocrx_word' id='word_1_172' title='bbox 380 2175 544 2229; x_wconf 89' lang='lat' dir='ltr'>necessario</span> <span class='ocrx_word' id='word_1_173' title='bbox 563 2189 627 2228; x_wconf 91' lang='lat' dir='ltr'>esse</span> <span class='ocrx_word' id='word_1_174' title='bbox 644 2173 821 2228; x_wconf 91' lang='lat' dir='ltr'>contendunt</span> <span class='ocrx_word' id='word_1_175' title='bbox 840 2173 954 2228; x_wconf 91' lang='lat' dir='ltr'>civilem</span> <span class='ocrx_word' id='word_1_176' title='bbox 975 2173 1048 2226; x_wconf 93' lang='lat' dir='ltr'>inter</span> <span class='ocrx_word' id='word_1_177' title='bbox 1060 2173 1261 2228; x_wconf 88' lang='lat' dir='ltr'>auctoritatem</span> <span class='ocrx_word' id='word_1_178' title='bbox 1274 2182 1303 2227; x_wconf 89' lang='lat' dir='ltr'>et</span> <span class='ocrx_word' id='word_1_179' title='bbox 1317 2173 1490 2240; x_wconf 87' lang='lat' dir='ltr'>Ecclesiam,</span> 
     </span>
    </p>
   </div>
   <div class='ocr_carea' id='block_1_6' title="bbox 381 2259 1586 2331">
    <p class='ocr_par' dir='ltr' id='par_1_6' title="bbox 381 2259 1586 2331">
     <span class='ocr_line' id='line_1_23' title="bbox 381 2259 1586 2331; baseline -0.001 -16"><span class='ocrx_word' id='word_1_180' title='bbox 381 2261 496 2331; x_wconf 86' lang='lat' dir='ltr'>exponit</span> <span class='ocrx_word' id='word_1_181' title='bbox 510 2271 659 2330; x_wconf 88' lang='lat' dir='ltr'>utramque</span> <span class='ocrx_word' id='word_1_182' title='bbox 669 2270 768 2314; x_wconf 91' lang='lat' dir='ltr'>mutuo</span> <span class='ocrx_word' id='word_1_183' title='bbox 781 2260 879 2314; x_wconf 88' lang='lat' dir='ltr'>deberi</span> <span class='ocrx_word' id='word_1_184' title='bbox 893 2259 1009 2315; x_wconf 90' lang='lat' dir='ltr'>foedere</span> <span class='ocrx_word' id='word_1_185' title='bbox 1022 2259 1166 2329; x_wconf 88' lang='lat' dir='ltr'>conjungi,</span> <span class='ocrx_word' id='word_1_186' title='bbox 1180 2260 1208 2314; x_wconf 93' lang='lat' dir='ltr'>in</span> <span class='ocrx_word' id='word_1_187' title='bbox 1221 2259 1398 2314; x_wconf 88' lang='lat' dir='ltr'>instituenda</span> <span class='ocrx_word' id='word_1_188' title='bbox 1411 2274 1493 2329; x_wconf 89' lang='lat' dir='ltr'>prae·</span> <span class='ocrx_word' id='word_1_189' title='bbox 1585 2269 1586 2272; x_wconf 75' lang='grc'>’</span> 
     </span>
    </p>
   </div>
   <div class='ocr_carea' id='block_1_7' title="bbox 381 2347 1492 2504">
    <p class='ocr_par' dir='ltr' id='par_1_7' title="bbox 381 2347 1492 2504">
     <span class='ocr_line' id='line_1_24' title="bbox 381 2347 1492 2420; baseline -0.003 -15"><span class='ocrx_word' id='word_1_190' title='bbox 381 2349 479 2405; x_wconf 91' lang='lat' dir='ltr'>sertim</span> <span class='ocrx_word' id='word_1_191' title='bbox 497 2350 665 2418; x_wconf 90' lang='lat' dir='ltr'>juventute;</span> <span class='ocrx_word' id='word_1_192' title='bbox 691 2347 816 2418; x_wconf 90' lang='lat' dir='ltr'>illudque</span> <span class='ocrx_word' id='word_1_193' title='bbox 838 2348 937 2404; x_wconf 90' lang='lat' dir='ltr'>foedus</span> <span class='ocrx_word' id='word_1_194' title='bbox 960 2359 1056 2420; x_wconf 88' lang='lat' dir='ltr'>sperat</span> <span class='ocrx_word' id='word_1_195' title='bbox 1082 2349 1239 2418; x_wconf 88' lang='lat' dir='ltr'>perfectum</span> <span class='ocrx_word' id='word_1_196' title='bbox 1258 2348 1290 2402; x_wconf 94' lang='lat' dir='ltr'>iri</span> <span class='ocrx_word' id='word_1_197' title='bbox 1312 2349 1341 2402; x_wconf 91' lang='lat' dir='ltr'>in</span> <span class='ocrx_word' id='word_1_198' title='bbox 1366 2349 1492 2404; x_wconf 78' lang='lat' dir='ltr'>Austris.</span> 
     </span>
     <span class='ocr_line' id='line_1_25' title="bbox 381 2435 675 2504; baseline -0.01 -11"><span class='ocrx_word' id='word_1_199' title='bbox 381 2436 531 2493; x_wconf 91' lang='lat' dir='ltr'>Benedicit</span> <span class='ocrx_word' id='word_1_200' title='bbox 550 2435 675 2504; x_wconf 82' lang='lat'>268-269.</span> 
     </span>
    </p>
   </div>
   <div class='ocr_carea' id='block_1_8' title="bbox 381 2559 1493 2714">
    <p class='ocr_par' dir='ltr' id='par_1_8' title="bbox 381 2559 1493 2714">
     <span class='ocr_line' id='line_1_26' title="bbox 416 2559 1403 2624; baseline 0 -14"><span class='ocrx_word' id='word_1_201' title='bbox 416 2560 464 2610; x_wconf 89' lang='grc'>51.</span> <span class='ocrx_word' id='word_1_202' title='bbox 481 2559 687 2612; x_wconf 77' lang='lat' dir='ltr'>EPISTOLA</span> <span class='ocrx_word' id='word_1_203' title='bbox 702 2562 744 2612; x_wconf 89' lang='lat' dir='ltr'>ad</span> <span class='ocrx_word' id='word_1_204' title='bbox 758 2566 924 2612; x_wconf 83' lang='lat' dir='ltr'>curatores</span> <span class='ocrx_word' id='word_1_205' title='bbox 937 2563 1052 2624; x_wconf 82' lang='lat' dir='ltr'>templi</span> <span class='ocrx_word' id='word_1_206' title='bbox 1069 2562 1286 2612; x_wconf 78' lang='lat' dir='ltr'>Franolscalls</span> <span class='ocrx_word' id='word_1_207' title='bbox 1300 2563 1403 2612; x_wconf 87' lang='lat' dir='ltr'>Bono·</span> 
     </span>
     <span class='ocr_line' id='line_1_27' title="bbox 381 2647 1493 2714; baseline -0.001 -17"><span class='ocrx_word' id='word_1_208' title='bbox 381 2649 506 2698; x_wconf 87' lang='lat' dir='ltr'>nlensls</span> <span class='ocrx_word' id='word_1_209' title='bbox 530 2649 571 2698; x_wconf 85' lang='lat' dir='ltr'>do</span> <span class='ocrx_word' id='word_1_210' title='bbox 590 2648 693 2712; x_wconf 71' lang='lat' dir='ltr'>huius</span> <span class='ocrx_word' id='word_1_211' title='bbox 713 2649 964 2702; x_wconf 85' lang='lat' dir='ltr'>instauratlone.</span> <span class='ocrx_word' id='word_1_212' title='bbox 983 2675 1015 2686; x_wconf 84' lang='lat'>-</span> <span class='ocrx_word' id='word_1_213' title='bbox 1034 2650 1071 2700; x_wconf 85' lang='grc'>13</span> <span class='ocrx_word' id='word_1_214' title='bbox 1089 2647 1183 2702; x_wconf 80' lang='lat' dir='ltr'>Junli</span> <span class='ocrx_word' id='word_1_215' title='bbox 1205 2650 1298 2700; x_wconf 71' lang='lat'>189⁴.</span> <span class='ocrx_word' id='word_1_216' title='bbox 1338 2661 1402 2714; x_wconf 86' lang='lat' dir='ltr'>pag.</span> <span class='ocrx_word' id='word_1_217' title='bbox 1440 2657 1493 2708; x_wconf 86' lang='lat'>²70</span> 
     </span>
    </p>
   </div>
   <div class='ocr_carea' id='block_1_9' title="bbox 381 2749 1494 3448">
    <p class='ocr_par' dir='ltr' id='par_1_9' title="bbox 381 2749 1494 3263">
     <span class='ocr_line' id='line_1_28' title="bbox 419 2749 1491 2822; baseline -0.003 -18"><span class='ocrx_word' id='word_1_218' title='bbox 419 2749 532 2804; x_wconf 89' lang='lat' dir='ltr'>Gaudet</span> <span class='ocrx_word' id='word_1_219' title='bbox 544 2749 673 2804; x_wconf 78' lang='lat' dir='ltr'>Pontifex</span> <span class='ocrx_word' id='word_1_220' title='bbox 686 2750 876 2806; x_wconf 89' lang='lat' dir='ltr'>instauratum</span> <span class='ocrx_word' id='word_1_221' title='bbox 889 2751 976 2806; x_wconf 89' lang='lat' dir='ltr'>fuisse</span> <span class='ocrx_word' id='word_1_222' title='bbox 994 2751 1155 2822; x_wconf 90' lang='lat' dir='ltr'>sepulcrum</span> <span class='ocrx_word' id='word_1_223' title='bbox 1168 2752 1247 2806; x_wconf 83' lang='lat' dir='ltr'>Alex.</span> <span class='ocrx_word' id='word_1_224' title='bbox 1262 2751 1288 2802; x_wconf 95' lang='lat' dir='ltr'>V</span> <span class='ocrx_word' id='word_1_225' title='bbox 1301 2750 1331 2803; x_wconf 95' lang='lat' dir='ltr'>in</span> <span class='ocrx_word' id='word_1_226' title='bbox 1345 2751 1374 2804; x_wconf 90' lang='lat' dir='ltr'>S.</span> <span class='ocrx_word' id='word_1_227' title='bbox 1385 2749 1491 2802; x_wconf 85' lang='lat' dir='ltr'>Franc.</span> 
     </span>
     <span class='ocr_line' id='line_1_29' title="bbox 381 2836 1492 2910; baseline -0.001 -17"><span class='ocrx_word' id='word_1_228' title='bbox 381 2836 552 2893; x_wconf 89' lang='lat' dir='ltr'>Assisiensis</span> <span class='ocrx_word' id='word_1_229' title='bbox 565 2839 681 2908; x_wconf 90' lang='lat' dir='ltr'>templo,</span> <span class='ocrx_word' id='word_1_230' title='bbox 695 2849 782 2908; x_wconf 91' lang='lat' dir='ltr'>atque</span> <span class='ocrx_word' id='word_1_231' title='bbox 800 2840 856 2894; x_wconf 92' lang='lat' dir='ltr'>hoc</span> <span class='ocrx_word' id='word_1_232' title='bbox 879 2838 971 2910; x_wconf 89' lang='lat' dir='ltr'>ipsum</span> <span class='ocrx_word' id='word_1_233' title='bbox 993 2840 1079 2894; x_wconf 91' lang='lat' dir='ltr'>cultui</span> <span class='ocrx_word' id='word_1_234' title='bbox 1094 2840 1203 2896; x_wconf 89' lang='lat' dir='ltr'>restitui</span> <span class='ocrx_word' id='word_1_235' title='bbox 1217 2839 1316 2894; x_wconf 90' lang='lat' dir='ltr'>divino</span> <span class='ocrx_word' id='word_1_236' title='bbox 1336 2849 1365 2894; x_wconf 94' lang='lat' dir='ltr'>et</span> <span class='ocrx_word' id='word_1_237' title='bbox 1382 2837 1492 2892; x_wconf 87' lang='lat' dir='ltr'>formae</span> 
     </span>
     <span class='ocr_line' id='line_1_30' title="bbox 381 2923 1494 2996; baseline 0.001 -19"><span class='ocrx_word' id='word_1_238' title='bbox 381 2923 519 2994; x_wconf 88' lang='lat' dir='ltr'>pristinae</span> <span class='ocrx_word' id='word_1_239' title='bbox 532 2938 593 2992; x_wconf 88' lang='lat'>270.</span> <span class='ocrx_word' id='word_1_240' title='bbox 606 2953 640 2964; x_wconf 85' lang='lat'><em>-</em></span> <span class='ocrx_word' id='word_1_241' title='bbox 655 2925 782 2980; x_wconf 88' lang='lat' dir='ltr'>Laudem</span> <span class='ocrx_word' id='word_1_242' title='bbox 795 2925 927 2996; x_wconf 92' lang='lat' dir='ltr'>proponit</span> <span class='ocrx_word' id='word_1_243' title='bbox 947 2925 1016 2981; x_wconf 88' lang='lat' dir='ltr'>artis</span> <span class='ocrx_word' id='word_1_244' title='bbox 1030 2926 1203 2982; x_wconf 88' lang='lat' dir='ltr'>christianae</span> <span class='ocrx_word' id='word_1_245' title='bbox 1217 2941 1278 2994; x_wconf 88' lang='lat'>270.</span> <span class='ocrx_word' id='word_1_246' title='bbox 1291 2955 1327 2966; x_wconf 95' lang='grc'>-</span> <span class='ocrx_word' id='word_1_247' title='bbox 1340 2927 1494 2981; x_wconf 87' lang='lat' dir='ltr'>Curatores</span> 
     </span>
     <span class='ocr_line' id='line_1_31' title="bbox 381 3017 1491 3088; baseline 0 -18"><span class='ocrx_word' id='word_1_248' title='bbox 381 3017 510 3070; x_wconf 89' lang='lat' dir='ltr'>hortatur</span> <span class='ocrx_word' id='word_1_249' title='bbox 519 3026 549 3070; x_wconf 93' lang='lat' dir='ltr'>ut</span> <span class='ocrx_word' id='word_1_250' title='bbox 562 3017 591 3070; x_wconf 92' lang='lat' dir='ltr'>in</span> <span class='ocrx_word' id='word_1_251' title='bbox 604 3032 690 3086; x_wconf 89' lang='lat' dir='ltr'>opere</span> <span class='ocrx_word' id='word_1_252' title='bbox 703 3017 1011 3087; x_wconf 87' lang='lat' dir='ltr'>perficiendo,consilio</span> <span class='ocrx_word' id='word_1_253' title='bbox 1020 3029 1135 3074; x_wconf 89' lang='lat' dir='ltr'>utantur</span> <span class='ocrx_word' id='word_1_254' title='bbox 1144 3017 1372 3088; x_wconf 77' lang='lat' dir='ltr'>Arentepiscopi,</span> <span class='ocrx_word' id='word_1_255' title='bbox 1383 3031 1491 3087; x_wconf 88' lang='lat' dir='ltr'>eosque</span> 
     </span>
     <span class='ocr_line' id='line_1_32' title="bbox 382 3105 1491 3178; baseline -0.001 -20"><span class='ocrx_word' id='word_1_256' title='bbox 382 3113 478 3174; x_wconf 86' lang='lat' dir='ltr'>sperat</span> <span class='ocrx_word' id='word_1_257' title='bbox 490 3115 658 3158; x_wconf 86' lang='lat' dir='ltr'>executuros</span> <span class='ocrx_word' id='word_1_258' title='bbox 677 3105 855 3174; x_wconf 89' lang='lat' dir='ltr'>propositum</span> <span class='ocrx_word' id='word_1_259' title='bbox 868 3105 896 3160; x_wconf 90' lang='lat' dir='ltr'>in</span> <span class='ocrx_word' id='word_1_260' title='bbox 911 3107 1019 3178; x_wconf 91' lang='lat' dir='ltr'>templo</span> <span class='ocrx_word' id='word_1_261' title='bbox 1032 3107 1212 3163; x_wconf 84' lang='lat' dir='ltr'>dedicandae</span> <span class='ocrx_word' id='word_1_262' title='bbox 1226 3107 1341 3164; x_wconf 85' lang='lat' dir='ltr'>votivae</span> <span class='ocrx_word' id='word_1_263' title='bbox 1353 3121 1421 3162; x_wconf 87' lang='lat' dir='ltr'>arae</span> <span class='ocrx_word' id='word_1_264' title='bbox 1439 3119 1491 3176; x_wconf 92' lang='lat' dir='ltr'>pro</span> 
     </span>
     <span class='ocr_line' id='line_1_33' title="bbox 382 3191 861 3263; baseline 0.006 -18"><span class='ocrx_word' id='word_1_265' title='bbox 382 3208 453 3261; x_wconf 88' lang='lat' dir='ltr'>pace</span> <span class='ocrx_word' id='word_1_266' title='bbox 466 3191 612 3247; x_wconf 89' lang='lat' dir='ltr'>christiani</span> <span class='ocrx_word' id='word_1_267' title='bbox 625 3193 722 3263; x_wconf 92' lang='lat' dir='ltr'>populi</span> <span class='ocrx_word' id='word_1_268' title='bbox 734 3206 861 3262; x_wconf 76' lang='lat' dir='ltr'>ayo-271.</span> 
     </span>
    </p>

    <p class='ocr_par' dir='ltr' id='par_1_10' title="bbox 381 3292 1492 3448">
     <span class='ocr_line' id='line_1_34' title="bbox 417 3292 1405 3362; baseline 0.002 -19"><span class='ocrx_word' id='word_1_269' title='bbox 417 3292 467 3344; x_wconf 85' lang='lat'>52.</span> <span class='ocrx_word' id='word_1_270' title='bbox 483 3293 691 3344; x_wconf 79' lang='lat' dir='ltr'>EPISTOLA</span> <span class='ocrx_word' id='word_1_271' title='bbox 705 3295 966 3349; x_wconf 71' lang='lat' dir='ltr'>aposuomca</span> <span class='ocrx_word' id='word_1_272' title='bbox 980 3299 1187 3362; x_wconf 85' lang='lat' dir='ltr'>prlnolplbus</span> <span class='ocrx_word' id='word_1_273' title='bbox 1209 3299 1405 3360; x_wconf 81' lang='lat' dir='ltr'>populisque</span> 
     </span>
     <span class='ocr_line' id='line_1_35' title="bbox 381 3381 1492 3448; baseline 0 -16"><span class='ocrx_word' id='word_1_274' title='bbox 381 3381 667 3432; x_wconf 75' lang='lat' dir='ltr'>universis-20</span> <span class='ocrx_word' id='word_1_275' title='bbox 684 3382 942 3434; x_wconf 60' lang='lat' dir='ltr'>tantaleam...</span> <span class='ocrx_word' id='word_1_276' title='bbox 1336 3395 1403 3448; x_wconf 87' lang='lat' dir='ltr'>pag.</span> <span class='ocrx_word' id='word_1_277' title='bbox 1439 3391 1492 3442; x_wconf 84' lang='lat'>272</span> 
     </span>
    </p>
   </div>
   <div class='ocr_carea' id='block_1_10' title="bbox 381 3479 1496 4261">
    <p class='ocr_par' dir='ltr' id='par_1_11' title="bbox 381 3479 1496 4261">
     <span class='ocr_line' id='line_1_36' title="bbox 419 3479 1492 3556; baseline 0.004 -22"><span class='ocrx_word' id='word_1_278' title='bbox 419 3479 510 3535; x_wconf 88' lang='lat' dir='ltr'>Laeto</span> <span class='ocrx_word' id='word_1_279' title='bbox 522 3482 618 3536; x_wconf 91' lang='lat' dir='ltr'>animo</span> <span class='ocrx_word' id='word_1_280' title='bbox 626 3483 725 3538; x_wconf 91' lang='lat' dir='ltr'>recolit</span> <span class='ocrx_word' id='word_1_281' title='bbox 739 3483 869 3539; x_wconf 85' lang='lat' dir='ltr'>Pontifex</span> <span class='ocrx_word' id='word_1_282' title='bbox 882 3502 956 3556; x_wconf 91' lang='lat' dir='ltr'>quae</span> <span class='ocrx_word' id='word_1_283' title='bbox 968 3487 1006 3542; x_wconf 94' lang='lat' dir='ltr'>ob</span> <span class='ocrx_word' id='word_1_284' title='bbox 1020 3487 1189 3542; x_wconf 87' lang='lat' dir='ltr'>memoriam</span> <span class='ocrx_word' id='word_1_285' title='bbox 1202 3484 1421 3556; x_wconf 87' lang='lat' dir='ltr'>primordiorum</span> <span class='ocrx_word' id='word_1_286' title='bbox 1433 3486 1492 3554; x_wconf 89' lang='lat' dir='ltr'>epi·</span> 
     </span>
     <span class='ocr_line' id='line_1_37' title="bbox 382 3569 1492 3646; baseline 0.005 -23"><span class='ocrx_word' id='word_1_287' title='bbox 382 3579 517 3639; x_wconf 88' lang='lat' dir='ltr'>scopatus</span> <span class='ocrx_word' id='word_1_288' title='bbox 539 3569 581 3624; x_wconf 89' lang='lat' dir='ltr'>sui</span> <span class='ocrx_word' id='word_1_289' title='bbox 604 3571 716 3641; x_wconf 90' lang='lat' dir='ltr'>accepit</span> <span class='ocrx_word' id='word_1_290' title='bbox 734 3573 932 3642; x_wconf 87' lang='lat' dir='ltr'>gratulationis</span> <span class='ocrx_word' id='word_1_291' title='bbox 945 3576 1078 3646; x_wconf 88' lang='lat' dir='ltr'>publicae</span> <span class='ocrx_word' id='word_1_292' title='bbox 1090 3575 1263 3631; x_wconf 83' lang='lat' dir='ltr'>testimonia.</span> <span class='ocrx_word' id='word_1_293' title='bbox 1280 3573 1492 3628; x_wconf 87' lang='lat' dir='ltr'>Catholicorum</span> 
     </span>
     <span class='ocr_line' id='line_1_38' title="bbox 382 3659 1493 3733; baseline 0.002 -20"><span class='ocrx_word' id='word_1_294' title='bbox 382 3674 432 3713; x_wconf 92' lang='lat' dir='ltr'>cor</span> <span class='ocrx_word' id='word_1_295' title='bbox 444 3675 532 3712; x_wconf 91' lang='lat' dir='ltr'>unum</span> <span class='ocrx_word' id='word_1_296' title='bbox 545 3675 609 3714; x_wconf 91' lang='lat' dir='ltr'>esse</span> <span class='ocrx_word' id='word_1_297' title='bbox 621 3659 650 3713; x_wconf 89' lang='lat' dir='ltr'>in</span> <span class='ocrx_word' id='word_1_298' title='bbox 665 3661 692 3716; x_wconf 90' lang='lat' dir='ltr'>S.</span> <span class='ocrx_word' id='word_1_299' title='bbox 707 3659 791 3716; x_wconf 88' lang='lat' dir='ltr'>Sedis</span> <span class='ocrx_word' id='word_1_300' title='bbox 803 3663 942 3732; x_wconf 89' lang='lat' dir='ltr'>obsequio</span> <span class='ocrx_word' id='word_1_301' title='bbox 955 3680 989 3718; x_wconf 88' lang='lat' dir='ltr'>eo</span> <span class='ocrx_word' id='word_1_302' title='bbox 1003 3662 1096 3733; x_wconf 79' lang='lat' dir='ltr'>magis</span> <span class='ocrx_word' id='word_1_303' title='bbox 1108 3663 1224 3732; x_wconf 84' lang='lat' dir='ltr'>gavisus</span> <span class='ocrx_word' id='word_1_304' title='bbox 1237 3673 1282 3718; x_wconf 90' lang='lat' dir='ltr'>est</span> <span class='ocrx_word' id='word_1_305' title='bbox 1295 3662 1374 3733; x_wconf 90' lang='lat' dir='ltr'>quod</span> <span class='ocrx_word' id='word_1_306' title='bbox 1387 3661 1493 3716; x_wconf 86' lang='lat' dir='ltr'>studuit</span> 
     </span>
     <span class='ocr_line' id='line_1_39' title="bbox 382 3749 1494 3824; baseline 0.002 -21"><span class='ocrx_word' id='word_1_307' title='bbox 382 3763 495 3818; x_wconf 87' lang='lat' dir='ltr'>semper</span> <span class='ocrx_word' id='word_1_308' title='bbox 519 3749 667 3804; x_wconf 89' lang='lat' dir='ltr'>universos</span> <span class='ocrx_word' id='word_1_309' title='bbox 689 3766 787 3806; x_wconf 90' lang='lat' dir='ltr'>secum</span> <span class='ocrx_word' id='word_1_310' title='bbox 806 3753 941 3822; x_wconf 84' lang='lat' dir='ltr'>colligare</span> <span class='ocrx_word' id='word_1_311' title='bbox 954 3753 1082 3824; x_wconf 88' lang='lat' dir='ltr'>populos.</span> <span class='ocrx_word' id='word_1_312' title='bbox 1097 3756 1217 3809; x_wconf 88' lang='lat' dir='ltr'>Gratum</span> <span class='ocrx_word' id='word_1_313' title='bbox 1232 3763 1354 3808; x_wconf 88' lang='lat' dir='ltr'>testatur</span> <span class='ocrx_word' id='word_1_314' title='bbox 1367 3749 1494 3806; x_wconf 90' lang='lat' dir='ltr'>animum</span> 
     </span>
     <span class='ocr_line' id='line_1_40' title="bbox 381 3835 1494 3908; baseline 0.002 -18"><span class='ocrx_word' id='word_1_315' title='bbox 381 3835 420 3890; x_wconf 94' lang='lat' dir='ltr'>ob</span> <span class='ocrx_word' id='word_1_316' title='bbox 432 3835 568 3903; x_wconf 89' lang='lat' dir='ltr'>pietatem</span> <span class='ocrx_word' id='word_1_317' title='bbox 580 3847 608 3891; x_wconf 92' lang='lat' dir='ltr'>et</span> <span class='ocrx_word' id='word_1_318' title='bbox 618 3837 758 3908; x_wconf 91' lang='lat' dir='ltr'>obsequia</span> <span class='ocrx_word' id='word_1_319' title='bbox 767 3837 821 3892; x_wconf 90' lang='lat' dir='ltr'>sibi</span> <span class='ocrx_word' id='word_1_320' title='bbox 839 3840 965 3895; x_wconf 88' lang='lat' dir='ltr'>exhibita</span> <span class='ocrx_word' id='word_1_321' title='bbox 979 3855 1030 3908; x_wconf 87' lang='lat'>272</span> <span class='ocrx_word' id='word_1_322' title='bbox 1043 3861 1049 3896; x_wconf 94' lang='lat'><strong>:</strong></span> <span class='ocrx_word' id='word_1_323' title='bbox 1064 3871 1097 3880; x_wconf 98' lang='lat'>-</span> <span class='ocrx_word' id='word_1_324' title='bbox 1107 3839 1216 3897; x_wconf 85' lang='lat' dir='ltr'>laetitia</span> <span class='ocrx_word' id='word_1_325' title='bbox 1225 3851 1322 3895; x_wconf 87' lang='lat' dir='ltr'>tamen</span> <span class='ocrx_word' id='word_1_326' title='bbox 1334 3839 1431 3894; x_wconf 87' lang='lat' dir='ltr'>minor</span> <span class='ocrx_word' id='word_1_327' title='bbox 1441 3837 1494 3894; x_wconf 89' lang='lat' dir='ltr'>fuit</span> 
     </span>
     <span class='ocr_line' id='line_1_41' title="bbox 381 3923 1494 3998; baseline 0.004 -21"><span class='ocrx_word' id='word_1_328' title='bbox 381 3923 574 3979; x_wconf 89' lang='lat' dir='ltr'>consideranti</span> <span class='ocrx_word' id='word_1_329' title='bbox 593 3923 740 3980; x_wconf 89' lang='lat' dir='ltr'>hominum</span> <span class='ocrx_word' id='word_1_330' title='bbox 759 3926 903 3994; x_wconf 88' lang='lat' dir='ltr'>ingentem</span> <span class='ocrx_word' id='word_1_331' title='bbox 921 3928 1132 3984; x_wconf 91' lang='lat' dir='ltr'>multitudinem</span> <span class='ocrx_word' id='word_1_332' title='bbox 1144 3939 1192 3982; x_wconf 88' lang='lat' dir='ltr'>aut</span> <span class='ocrx_word' id='word_1_333' title='bbox 1205 3927 1364 3998; x_wconf 89' lang='lat' dir='ltr'>expertium</span> <span class='ocrx_word' id='word_1_334' title='bbox 1377 3927 1494 3982; x_wconf 89' lang='lat' dir='ltr'>omnino</span> 
     </span>
     <span class='ocr_line' id='line_1_42' title="bbox 381 4011 1496 4083; baseline 0.004 -19"><span class='ocrx_word' id='word_1_335' title='bbox 381 4011 564 4079; x_wconf 87' lang='lat' dir='ltr'>evangelicae</span> <span class='ocrx_word' id='word_1_336' title='bbox 583 4011 749 4083; x_wconf 87' lang='lat' dir='ltr'>sapientiae,</span> <span class='ocrx_word' id='word_1_337' title='bbox 772 4026 821 4069; x_wconf 90' lang='lat' dir='ltr'>aut</span> <span class='ocrx_word' id='word_1_338' title='bbox 841 4015 1041 4071; x_wconf 87' lang='lat' dir='ltr'>dissidentium</span> <span class='ocrx_word' id='word_1_339' title='bbox 1063 4035 1080 4072; x_wconf 91' lang='lat' dir='ltr'>a</span> <span class='ocrx_word' id='word_1_340' title='bbox 1102 4016 1243 4072; x_wconf 89' lang='lat' dir='ltr'>catholica</span> <span class='ocrx_word' id='word_1_341' title='bbox 1269 4015 1341 4070; x_wconf 82' lang='lat' dir='ltr'>Fide</span> <span class='ocrx_word' id='word_1_342' title='bbox 1365 4025 1496 4082; x_wconf 76' lang='lat'>272-273.</span> 
     </span>
     <span class='ocr_line' id='line_1_43' title="bbox 384 4097 1494 4174; baseline 0.003 -22"><span class='ocrx_word' id='word_1_343' title='bbox 384 4097 494 4154; x_wconf 90' lang='lat' dir='ltr'>Omnes</span> <span class='ocrx_word' id='word_1_344' title='bbox 507 4099 638 4156; x_wconf 88' lang='lat' dir='ltr'>homines</span> <span class='ocrx_word' id='word_1_345' title='bbox 652 4117 717 4156; x_wconf 91' lang='lat' dir='ltr'>cum</span> <span class='ocrx_word' id='word_1_346' title='bbox 737 4101 804 4156; x_wconf 88' lang='lat' dir='ltr'>velit</span> <span class='ocrx_word' id='word_1_347' title='bbox 826 4103 906 4157; x_wconf 91' lang='lat' dir='ltr'>Deus</span> <span class='ocrx_word' id='word_1_348' title='bbox 919 4104 1014 4159; x_wconf 88' lang='lat' dir='ltr'>salvos</span> <span class='ocrx_word' id='word_1_349' title='bbox 1028 4104 1098 4174; x_wconf 89' lang='lat' dir='ltr'>fieri,</span> <span class='ocrx_word' id='word_1_350' title='bbox 1112 4103 1243 4159; x_wconf 90' lang='lat' dir='ltr'>Pontifex</span> <span class='ocrx_word' id='word_1_351' title='bbox 1256 4103 1419 4174; x_wconf 88' lang='lat' dir='ltr'>exemplum</span> <span class='ocrx_word' id='word_1_352' title='bbox 1433 4101 1494 4157; x_wconf 88' lang='lat' dir='ltr'>imi·</span> 
     </span>
     <span class='ocr_line' id='line_1_44' title="bbox 384 4185 1496 4261; baseline 0.004 -23"><span class='ocrx_word' id='word_1_353' title='bbox 384 4193 460 4240; x_wconf 90' lang='lat' dir='ltr'>tatus</span> <span class='ocrx_word' id='word_1_354' title='bbox 480 4185 585 4241; x_wconf 87' lang='lat' dir='ltr'>Christi</span> <span class='ocrx_word' id='word_1_355' title='bbox 607 4197 638 4242; x_wconf 91' lang='lat' dir='ltr'>ut</span> <span class='ocrx_word' id='word_1_356' title='bbox 659 4204 759 4244; x_wconf 88' lang='lat' dir='ltr'>omnes</span> <span class='ocrx_word' id='word_1_357' title='bbox 772 4205 861 4244; x_wconf 90' lang='lat' dir='ltr'>unum</span> <span class='ocrx_word' id='word_1_358' title='bbox 881 4191 936 4245; x_wconf 90' lang='lat' dir='ltr'>sint</span> <span class='ocrx_word' id='word_1_359' title='bbox 951 4193 1066 4246; x_wconf 89' lang='lat' dir='ltr'>Patrem</span> <span class='ocrx_word' id='word_1_360' title='bbox 1084 4191 1220 4261; x_wconf 86' lang='lat' dir='ltr'>rogantis,</span> <span class='ocrx_word' id='word_1_361' title='bbox 1233 4189 1333 4248; x_wconf 88' lang='lat' dir='ltr'>statuit</span> <span class='ocrx_word' id='word_1_362' title='bbox 1354 4191 1393 4246; x_wconf 88' lang='lat' dir='ltr'>ad</span> <span class='ocrx_word' id='word_1_363' title='bbox 1415 4189 1496 4244; x_wconf 83' lang='lat' dir='ltr'>Fidei</span> 
     </span>
    </p>
   </div>
   <div class='ocr_carea' id='block_1_11' title="bbox 0 0 1618 4880">
    <p class='ocr_par' dir='ltr' id='par_1_12' title="bbox 0 0 1618 4880">
     <span class='ocr_line' id='line_1_45' title="bbox 0 0 1618 4880; baseline 0 0"><span class='ocrx_word' id='word_1_364' title='bbox 0 0 1618 4880; x_wconf 95' lang='lat' dir='ltr'> </span> 
     </span>
    </p>
   </div>
  </div>
 </body>
</html>
