3216 4880
420 259 497 350 318·
773 277 895 330 rnoax
922 277 1172 328 Auacvrrcus.

426 377 1511 390 “mm--

452 432 481 481 7.
505 430 746 482 ALLOCUTIO
769 433 811 481 ad
836 431 868 481 S.
888 433 927 498 R.
953 432 991 480 E.
1020 431 1209 481 cardinales
1228 432 1436 482 solemnitate

417 520 604 571 nativltatis
614 520 749 569 Domini
764 521 931 570 redeunte.
947 517 1038 568 -23
1052 518 1129 568 Deo.
1142 517 1262 569 teet...
1372 531 1435 584 pag.
1486 529 1511 582 31

361 625 364 632 '
450 621 576 674 Maxime
590 618 669 674 cordi
693 617 822 673 Pontifici
844 629 897 687 est,
909 629 939 673 ut
957 617 1067 673 monita
1079 635 1131 673 sua
1149 617 1328 688 accipiantur
1337 629 1368 673 et
1385 619 1414 672 in
1427 629 1513 672 actum

414 709 591 764 deducantur
607 726 615 774 ;
634 707 703 762 item
723 717 754 762 nt
772 708 927 762 concordia
946 707 976 762 iu
995 723 1099 777 eampo
1115 705 1259 762 catholico
1278 717 1407 761 sersetru
1429 721 1469 774 31.
1485 733 1514 743 -

415 797 480 852 iioc
492 805 591 850 votnm
603 811 685 849 suum
699 795 852 864 praecipue
864 794 1082 865 adimplendum
1094 804 1191 864 sperat
1209 793 1286 849 circa
1305 793 1425 848 arduam
1440 810 1514 863 quae-

412 885 535 939 stionem
560 882 596 937 de
620 883 753 952 opificum
778 882 951 951 conditione,
965 883 1045 953 cujus
1070 881 1241 938 solutionem
1256 883 1316 953 jam
1338 883 1367 936 in
1391 881 1516 951 Epistola

412 971 557 1042 encyclica
576 971 721 1038 indicavit,
741 971 792 1025 sed
812 983 841 1026 et
860 972 889 1026 in
908 971 1005 1026 animo
1030 971 1130 1026 habuit
1153 969 1228 1024 viam
1251 971 1288 1024 ad
1308 970 1515 1025 exsecutionem

413 1070 629 1132 praeceptorum
641 1059 797 1115 faciliorem
810 1063 946 1130 praebere
957 1080 965 1126 ;
978 1077 1063 1131 quem
1077 1059 1214 1114 adfinem
1233 1075 1290 1113 non
1304 1075 1405 1129 parurn
1427 1070 1515 1114 coun-

413 1151 512 1205 lissent
536 1147 780 1219 peregrinationes
806 1145 998 1216 operariorum
1024 1146 1130 1201 nefarie
1165 1146 1341 1215 interruptae
1369 1159 1462 1214 31-32.
1489 1171 1517 1181 -

414 1239 495 1297 Nihil
517 1237 604 1292 habet
626 1236 788 1307 respublica
801 1235 876 1305 quod
896 1235 995 1290 timeat
1008 1237 1045 1291 ab
1063 1235 1107 1289 his
1124 1234 1171 1305 qui
1188 1234 1292 1290 Christi
1313 1232 1431 1289 Vicario
1444 1232 1517 1286 obse-

413 1326 627 1400 quiadeferant,
640 1323 703 1377 ilios
716 1323 814 1379 timeat
825 1323 873 1392 qui
887 1322 1037 1378 Ecclesiae
1049 1323 1235 1378 adversentur
1245 1337 1287 1390 32·
1302 1351 1336 1362 -
1350 1323 1415 1376 Vox
1431 1321 1518 1375 Ponti·

413 1415 475 1470 ficis
503 1428 615 1482 semper
644 1420 726 1465 sonat
754 1427 863 1479 pacem,
879 1409 1027 1480 justitiam,
1046 1409 1216 1464 charitatem
1231 1429 1239 1476 ;
1253 1409 1339 1463 etiam
1360 1409 1385 1462 si
1411 1407 1519 1478 propria
1581 1409 1582 1480 j

411 1504 477 1573 jura
498 1499 614 1570 expetit,
627 1497 654 1551 in
675 1498 730 1552 hoc
743 1497 806 1566 ipso
819 1496 934 1567 publico
947 1495 1039 1550 ordini
1052 1495 1129 1550 iavet
1142 1509 1185 1563 32.
1195 1523 1231 1534 —
1244 1496 1303 1550 Sed
1322 1495 1434 1550 inimici
1447 1495 1519 1549 nobi·
1581 1501 1582 1556 j

414 1589 523 1646 lissima
536 1601 664 1658 quaeque
674 1586 794 1640 consilia
806 1586 867 1654 ejus
881 1585 1057 1654 impugnant,
1077 1583 1101 1639 si
1111 1601 1146 1638 ex
1158 1584 1213 1638 iilis
1226 1583 1289 1638 iaus
1302 1583 1400 1654 aliqua
1414 1585 1445 1640 S.
1459 1583 1519 1639 Sedi
1581 1593 1582 1656 g

414 1677 521 1732 oritura
532 1673 644 1729 videtur
657 1685 699 1740 32.
710 1701 745 1708 -
759 1671 843 1741 Quod
852 1672 959 1727 factum
970 1682 1014 1726 est
1024 1688 1088 1726 cum
1102 1681 1235 1739 ageretur
1249 1671 1285 1724 de
1298 1669 1429 1724 tollenda
1442 1671 1518 1724 servi·
1581 1689 1582 1738 3

412 1773 472 1817 tute
494 1775 584 1830 3233.
597 1789 633 1798 —
655 1759 828 1813 Libertatem
845 1774 992 1812 servorum
1013 1755 1146 1812 omnibus
1168 1755 1261 1810 modis
1280 1773 1454 1827 promovere
1469 1773 1518 1811 oon
1581 1745 1582 1754 ¹

413 1850 496 1906 desiit
521 1847 649 1902 Pontifex
664 1847 795 1910 ;vincula
808 1846 923 1917 quidem
941 1859 1075 1914 rumpere
1098 1843 1202 1916 poterit
1219 1855 1347 1914 potestas
1361 1843 1518 1907 saecularis,

413 1939 573 1992 libertatem
587 1945 683 1988 autem
696 1934 815 1987 filiorum
829 1933 883 1986 Dei
898 1932 1031 1987 Ecclesia
1043 1931 1104 1986 sola
1117 1931 1208 1999 dabit,
1221 1930 1303 1996 cuius
1319 1941 1422 1986 tamen
1441 1931 1519 1984 actio

412 2043 478 2082 nem
500 2023 617 2096 quidam
636 2039 670 2077 ex
682 2021 750 2076 odio
768 2021 918 2091 repudiare
936 2019 1031 2075 conati
1052 2029 1117 2074 sunt
1131 2033 1173 2088 33.
1192 2048 1227 2058 -
1240 2019 1391 2090 Quidquid
1404 2018 1519 2080 accidat,

312 2119 314 2125 '
413 2111 599 2169 Pontificatus
614 2125 748 2163 romanus
767 2109 860 2163 officio
874 2125 931 2162 non
946 2105 1034 2165 deerit
1048 2123 1100 2161 suo
1113 2119 1156 2175 33.

402 2287 404 2290 Ι
446 2223 475 2273 8.
498 2219 744 2272 DECRETUM
763 2230 829 2278 quo
848 2217 1003 2280 conjugia
1021 2219 1236 2280 praesumpta
1249 2216 1345 2266 nulla
1368 2228 1440 2266 esse

410 2312 445 2361 in
459 2305 781 2372 posterumJubetur.
812 2303 891 2354 -15
903 2305 993 2354 Febr.
1009 2303 1099 2354 1892.
1369 2315 1438 2369 pag.
1492 2311 1520 2365 pt

450 2407 588 2478 Coniugia
612 2413 797 2476 praesumpta
817 2404 885 2458 olim
901 2404 948 2474 jus
970 2403 1118 2459 sanciebat
1135 2416 1177 2471 34.
1190 2431 1225 2444 —
1240 2402 1434 2457 Matrimonia
1450 2403 1519 2457 clan-

414 2497 525 2553 destina
542 2495 621 2550 irrita
636 2493 770 2548 habenda
796 2493 883 2547 Cone.
903 2491 1104 2548 Tridentinum
1125 2491 1219 2562 jussit,
1232 2499 1261 2546 et
1283 2490 1352 2546 ideo
1377 2491 1430 2562 jus
1457 2489 1519 2544 illud

413 2585 536 2657 priscum
561 2583 655 2636 valere
675 2581 759 2636 desiit
778 2581 949 2650 ubicumque
968 2591 1083 2649 recepta
1104 2579 1156 2634 fuit
1174 2577 1345 2633 Tridentina
1368 2579 1417 2633 lex
1430 2594 1473 2646 34
1490 2606 1519 2615 -

414 2677 508 2746 Quum
530 2689 597 2728 vero
622 2669 726 2726 nostris
747 2671 923 2740 temporibus
945 2669 1085 2724 canonica
1106 2669 1143 2722 de
1164 2666 1307 2738 conjugiis
1328 2667 1518 2738 praesumptis

413 2762 562 2834 disciplina
583 2759 692 2830 passim
711 2759 795 2813 fuerit
814 2759 958 2813 oblivione
977 2739 1081 2825 deleia,
1094 2757 1214 2825 abrogat
1236 2753 1372 2811 Pontifex
1390 2755 1464 2811 illud
1479 2755 1519 2824 jus

411 2850 498 2905 etiam
521 2848 548 2902 in
568 2846 731 2917 regionibus
753 2845 800 2900 ubi
820 2847 864 2899 lex
878 2844 1048 2900 Tridentina
1069 2859 1126 2898 non
1149 2844 1234 2913 viget,
1248 2859 1281 2898 ac
1298 2843 1418 2912 judices
1437 2841 1518 2898 ecde-

412 2933 543 2991 siasticos
562 2949 758 3004 quoscumque
775 2943 851 2986 vetat
873 2934 929 2987 ullo
947 2949 1016 2987 casu
1039 2930 1193 3004 sponsalia,
1214 2931 1401 3001 conjugalem
1415 2941 1520 2986 contra·
1580 2923 1581 2932 ’

411 3033 488 3077 ctum
507 3021 621 3089 habere,
634 3037 693 3074 non
706 3035 773 3074 vero
796 3021 854 3074 vult
876 3018 1079 3075 necessitatem
1104 3019 1240 3075 inducere
1265 3018 1377 3074 formae
1403 3018 1518 3074 Triden-

410 3110 488 3165 tinae
506 3106 611 3178 ubique
624 3105 782 3162 servandae
791 3119 882 3174 34-35.

446 3214 475 3266 9.
493 3215 714 3264 LITTERAE
729 3213 1001 3264 ENCYCLICAE
1015 3213 1058 3264 ad
1073 3215 1249 3276 Episcopos
1261 3218 1293 3264 et
1305 3215 1439 3264 Fideles

409 3303 535 3354 Galliae
549 3303 588 3351 de
600 3302 924 3364 eivitatlsreglmlne.
942 3302 1022 3352 -16
1036 3303 1127 3352 Febr.
1145 3301 1235 3352 1892.
1367 3315 1436 3368 pag.
1490 3295 1519 3364 36

447 3403 502 3455 Pro
528 3417 632 3469 magna
662 3415 715 3454 sua
741 3398 769 3453 in
793 3401 934 3456 Gallicam
957 3412 1072 3470 gentem
1098 3401 1305 3470 benevolentia,
1338 3402 1520 3457 vehementer

409 3487 486 3542 dolet
501 3486 629 3542 Pontifex
647 3501 682 3542 eo
696 3487 786 3542 adniti
800 3488 923 3544 nefarios
936 3489 1068 3544 homines
1090 3501 1120 3544 ut
1137 3490 1214 3559 apud
1228 3489 1307 3544 iiiam
1322 3490 1414 3545 Fides
1427 3491 1519 3546 catho-

409 3573 464 3628 lica
484 3583 513 3630 et
534 3589 629 3628 mores
641 3573 788 3628 christiani
802 3574 959 3644 deleantur,
970 3593 1076 3646 magno
1089 3593 1154 3630 cum
1168 3575 1256 3646 ipsius
1270 3576 1310 3632 rei
1329 3576 1426 3632 civilis
1440 3575 1519 3630 detri-

409 3669 505 3714 mento
518 3659 604 3727 36.-
620 3659 758 3716 Solatium
773 3662 827 3730 ipsi
840 3661 961 3718 afferunt
976 3663 1078 3718 Gallici
1092 3663 1216 3731 Fideles,
1229 3675 1295 3720 sese
1316 3665 1519 3718 devotissimos

409 3747 438 3802 S.
452 3745 520 3801 Sedi
541 3757 569 3801 et
592 3745 694 3801 summi
719 3749 845 3804 Pastoris
858 3748 920 3804 voci
934 3751 1127 3822 obsequentes
1140 3750 1302 3806 exhibendo
1323 3750 1365 3820 36.
1388 3781 1426 3790 -—
1442 3753 1518 3820 ipsos

407 3833 445 3887 ad
465 3833 546 3887 Fidei
571 3851 683 3888 necnon
711 3845 739 3889 et
768 3835 878 3905 patriae
905 3835 1103 3892 defensionem
1130 3838 1190 3908 jam
1223 3849 1310 3893 antea
1340 3839 1518 3901 adhortatus,

407 3920 604 3992 praesentibus
614 3921 714 3976 litteris
728 3923 826 3978 statuit
839 3941 896 3977 non
916 3934 1027 3980 tantum
1041 3927 1215 3993 Catholicos,
1230 3927 1323 3982 sedet
1337 3943 1444 3982 omnes
1457 3925 1518 3980 Gal·

406 4009 461 4064 liae
483 4009 588 4079 probos
610 4021 697 4079 atque
717 4011 849 4066 cordatos
863 4013 940 4067 cives
954 4013 1063 4070 enixius
1077 4014 1239 4070 incitarent
1258 4013 1396 4070 extinctis
1414 4015 1518 4070 dissen-

407 4097 534 4152 sionibus
548 4097 679 4167 politicis,
693 4115 727 4153 eo
741 4100 859 4154 tendant
873 4101 1032 4172 conjunctis
1049 4103 1157 4158 viribus
1170 4113 1200 4158 ut
1221 4120 1276 4174 pax
1289 4103 1339 4158 diu
1356 4104 1517 4159 desiderata
1579 4117 1580 4168 ,

407 4184 516 4255 patriae
542 4184 658 4239 tandem
681 4186 816 4242 reddatur
837 4201 879 4256 37.
901 4217 931 4226 -
957 4190 1025 4244 Sola
1045 4191 1183 4262 religione
1201 4191 1347 4246 vinculum
1373 4189 1516 4248 societatis
1579 4177 1580 4244 i

406 4273 550 4328 humanae
566 4275 664 4340 creari,
678 4283 764 4344 atque
786 4292 841 4346 pax
855 4275 882 4330 in
896 4276 1012 4333 natione
1032 4279 1137 4334 servari
1151 4287 1245 4350 potest
1269 4292 1311 4348 37.
1326 4307 1360 4318 -
1377 4278 1515 4334 Homines
