3222 4888
408 259 473 324 192
505 257 695 311 arrianas
710 261 950 316 aucuctrcsa
971 255 992 284 ‘⁵
1010 265 1214 316 ansanum
1233 264 1415 320 sauctus.
1430 243 1447 270 '¹

402 405 577 469 derantem
594 407 744 470 animum
761 407 962 474 inflammari
979 430 1115 474 necesse
1135 420 1194 487 est,
1210 420 1312 493 atque
1339 419 1412 472 tum
1429 411 1509 476 illud

291 534 373 583 Terra
401 507 521 571 iterare
544 508 617 573 Viri
643 511 866 578 sanctissimi:
892 513 1001 592 Quam
1027 515 1136 579 sordet
1157 515 1260 590 ullus,
1282 513 1363 578 dum
1389 515 1509 578 caelum

221 598 310 658 sordet,
400 611 546 693 aspicio!
561 623 633 676 turn
651 634 691 676 eo
707 615 757 678 uti
777 617 908 694 solatio,
924 620 1014 701 quod
1041 629 1302 682 momentaneum
1322 627 1355 681 et
1368 619 1436 682 leva
1451 619 1508 682 tri-

217 720 299 828 m
312 715 374 828 ἕῖέι
400 715 578 782 bulationis
594 729 722 782 nostrae
736 729 905 786 aeternum
911 722 1041 804 gloriae
1050 722 1180 804 pondus
1194 731 1348 804 operatur
1359 721 1396 785 r'n
1413 722 1509 786 nobis.

232 815 373 894 mima..
401 819 585 884 Enimvero
616 842 683 887 una
710 825 793 888 haec
821 835 871 889 est
899 826 984 890 ratio
1012 827 1200 908 praesentis
1238 829 1402 908 temporis
1433 847 1508 891 curn

250 911 374 1024 Ima
400 933 546 1004 aeterno,
569 926 734 990 terrestris
761 929 906 994 civitatis
931 950 1008 994 cum
1035 931 1173 994 caelesti
1190 939 1269 1013 apte
1297 931 1509 1011 iungendae;

238 1041 337 1100 civitas,
350 1042 375 1088 si
399 1029 461 1092 hac
479 1051 546 1093 una
561 1033 758 1095 educuntur
774 1032 876 1098 fortes
901 1037 1004 1098 animi
1021 1046 1055 1098 et
1080 1034 1216 1098 excelsi.
1234 1032 1300 1116 Qui
1318 1035 1466 1116 quidem,
1482 1034 1509 1096 si

221 1107 281 1154 coelo
291 1106 373 1154 interr·
980 1139 988 1153 .
1040 1139 1048 1152 .
1288 1137 1295 1151 .
1486 1139 1493 1151 .

232 1171 255 1218 1,-
265 1171 319 1218 πη,
330 1171 371 1219 to·
400 1155 525 1218 magno
556 1155 697 1200 numero
719 1147 928 1214 censeantur,
954 1141 1102 1220 drgnrtas
1129 1147 1163 1200 et
1191 1137 1382 1218 amplitudo
1404 1137 1508 1201 stabit

222 1237 309 1284 ''⁸5²¹“-
397 1240 542 1304 civitatis
556 1261 563 1318 ;
575 1237 743 1304 florebunt
756 1261 842 1324 quae
858 1262 944 1320 vera,
958 1261 1044 1324 quae
1056 1242 1154 1320 bona,
1167 1260 1254 1323 quae
1267 1241 1410 1323 pulchra
1422 1252 1508 1318 sunt,

398 1347 441 1410 ad
458 1365 611 1410 normam
629 1345 720 1410 illam
738 1367 900 1430 expressa
920 1367 1005 1430 quae
1026 1347 1137 1410 omnis
1149 1345 1319 1421 veritatis,
1335 1346 1507 1424 bonitatis,

397 1449 631 1531 pulcritudinis
648 1470 818 1514 summum
835 1461 886 1515 est
899 1452 1100 1534 principium
1117 1460 1151 1515 et
1165 1449 1243 1513 lons
1260 1451 1428 1532 perennis.

300 1587 369 1634 ΕΜ,
445 1554 516 1617 lam
532 1553 668 1617 videant
693 1573 821 1632 omnes,
844 1557 936 1639 quod
966 1557 1131 1639 principio
1156 1554 1340 1638 posuimus,
1366 1573 1505 1636 quarum

237 1651 370 1766 effrem·
398 1657 441 1719 sit
471 1655 655 1719 utilitatum
681 1655 825 1722 secunda
856 1659 1003 1723 marialis
1032 1659 1164 1723 Rosarii
1195 1659 1311 1734 virtus,
1340 1667 1375 1721 et
1405 1677 1506 1739 quarn

220 1781 259 1828 nt
279 1783 369 1830 ..aare
398 1759 533 1823 mirifice
550 1762 657 1842 possit
672 1762 714 1825 ad
732 1772 923 1845 temporum
948 1765 1100 1827 sananda
1125 1761 1224 1838 mala,
1239 1763 1282 1825 ad
1308 1760 1507 1843 gravissima

219 1847 370 1974 mum
396 1864 541 1928 civitatis
566 1865 691 1928 damna
717 1867 936 1948 prohibenda.
963 1905 1006 1917 -
1035 1867 1140 1932 istam
1165 1885 1245 1928 vero
1271 1865 1442 1940 virtutem,
1469 1873 1505 1927 ut

220 1993 252 2026 ex
266 1978 370 2026 laudata
397 1967 491 2032 facile
508 1970 644 2051 cognitu
663 1980 723 2047 est,
739 1970 786 2033 illi
798 1971 979 2054 praecipue
991 1972 1194 2052 uberiusque
1207 1969 1396 2050 percepturi
1410 1978 1507 2030 erunt

236 2047 371 2171 gfflss',
396 2071 453 2152 qui
469 2073 619 2154 cooptati
636 2075 669 2136 in
687 2094 780 2138 sacra
798 2075 931 2140 Rosarii
953 2073 1128 2152 Sodalitia‚
1144 2073 1303 2158 peculiari
1319 2083 1352 2136 et
1369 2074 1456 2138 inter
1472 2094 1506 2136 se

220 2172 350 2221 urmes.
396 2177 543 2239 fraterna
557 2178 795 2243 coniunctione
821 2191 854 2244 et
879 2201 958 2264 erga
983 2179 1231 2244 sanctissimam
1251 2179 1430 2261 Virginem
1445 2179 1504 2242 ob-

395 2281 513 2363 sequio
529 2301 608 2363 prae
631 2282 749 2346 ceteris
773 2286 1064 2352 commendantur.
1091 2286 1187 2349 Haec
1213 2281 1303 2346 enim
1330 2281 1505 2360 Sodalitia‚

396 2385 595 2450 auctoritate
612 2407 826 2453 romanorum
845 2389 1047 2454 Pontificum
1073 2388 1304 2471 comprobata,
1319 2385 1363 2450 ab
1388 2385 1504 2468 eisque

395 2491 521 2554 donata
546 2491 729 2574 privilegiis
753 2500 787 2554 et
815 2493 1010 2557 muneribus
1033 2491 1275 2575 indulgentiae,
1300 2509 1361 2554 suo
1388 2488 1502 2570 palam

394 2594 511 2657 ordine
541 2613 579 2658 ac
609 2597 803 2677 magisterio
830 2605 1000 2678 reguntur,
1031 2605 1216 2659 conventus
1248 2594 1345 2657 statis
1376 2592 1505 2656 habent

394 2698 612 2778 temporibus,
639 2699 816 2780 praesidiis
839 2701 978 2781 optimis
1003 2699 1213 2762 instruuntur
1238 2696 1361 2780 quibus
1388 2705 1504 2758 sancte

394 2799 531 2882 vigeant
547 2810 581 2864 et
598 2802 641 2867 ad
667 2804 847 2888 commoda
873 2801 977 2866 etiam
994 2803 1166 2865 societatis
1190 2803 1360 2866 humanae
1376 2803 1503 2865 condu-

394 2913 479 2968 cant.
498 2903 594 2968 Haec
610 2915 688 2967 sunt
704 2905 807 2969 veluti
835 2906 971 2988 agmina
988 2913 1021 2969 et
1046 2907 1142 2984 acies,
1159 2907 1285 2990 praelia
1301 2905 1426 2972 Christi
1444 2927 1503 2988 per

393 3009 617 3071 sacratissima
633 3009 704 3072 eius
722 3009 882 3092 mysteria
906 3019 1106 3092 pugnantes,
1127 3010 1264 3092 auspice
1276 2995 1315 3073 et
1331 3011 1418 3073 duce
1435 3009 1503 3072 Re·

392 3114 471 3196 gina
487 3113 642 3179 caelesti:
665 3133 807 3198 quorum
824 3113 881 3175 illa
897 3113 1211 3196 supplicationibus,
1221 3114 1356 3190 'ritibus
1367 3114 1502 3196 pompis

391 3238 492 3300 quam
509 3217 597 3281 adsit
614 3217 771 3300 propitia,
783 3216 952 3300 praeclare
964 3217 1056 3280 omni
1074 3225 1226 3300 ternpore
1238 3220 1359 3301 patuit,
1372 3219 1501 3301 magni-

391 3319 452 3385 fice
467 3322 510 3385 ad
530 3321 734 3386 Echinadas.
750 3358 794 3368 -
811 3320 940 3401 Magno
953 3320 1070 3391 ¹studio
1087 3319 1189 3402 igitur
1201 3321 1233 3384 in
1252 3321 1376 3386 talibus
1393 3320 1501 3387 Soda-

389 3425 469 3489 litiis
496 3425 692 3502 condendis,
709 3421 966 3506 amplificandis,
983 3423 1199 3488 moderandis
1220 3445 1279 3506 par
1296 3435 1347 3489 est
1362 3434 1501 3489 conten·

389 3531 468 3595 dere
484 3539 518 3594 et
534 3530 625 3608 eniti,
643 3549 709 3594 non
727 3549 811 3594 unos
828 3530 999 3611 inquimus
1020 3529 1176 3594 alumnos
1194 3529 1365 3593 Dominici
1384 3530 1502 3608 Patris,

390 3653 596 3717 quamquam
614 3633 661 3695 illi
681 3653 726 3696 ex
752 3633 929 3715 disciplina
954 3653 1015 3696 sua
1038 3633 1165 3698 debent
1192 3653 1415 3716 summopere,
1440 3635 1499 3697 sed

390 3747 556 3822 quotquot
587 3747 759 3818 praeterea
790 3745 869 3800 sunt
900 3735 1089 3800 animarum
1120 3745 1300 3814 curatores,
1331 3739 1365 3800 in
1397 3737 1500 3801 sacris

391 3839 586 3924 praesertim
604 3840 743 3904 aedibus
760 3839 816 3903 ubi
833 3839 891 3902 illa
908 3840 974 3903 iam
991 3839 1160 3904 habentur
1172 3840 1322 3922 legitime
1335 3840 1500 3906 instituta

391 3947 508 4029 Atque
523 3944 625 4008 etiam
644 3943 753 4008 Nobis
775 3943 924 4006 maxime
941 3944 974 4006 in
992 3945 1079 4007 votis
1095 3953 1155 4021 est,
1172 3953 1211 4033 ut·
1233 3943 1290 4026 qui
1311 3964 1422 4008 sacras
1440 3965 1500 4008 ex-

390 4049 578 4133 peditiones
596 4049 638 4112 ad
656 4047 780 4111 Christi
805 4036 1006 4126 doctrinam,
1021 4047 1074 4112 vel
1100 4047 1187 4112 inter
1202 4046 1363 4112 barbaras
1379 4059 1501 4130 gentes

390 4153 613 4216 invehendam
631 4150 682 4215 vel
704 4153 794 4234 apud
812 4152 965 4216 excultas
991 4150 1257 4216 confirmandam
1283 4153 1420 4238 obeunt,
1437 4154 1502 4218 hac

389 4255 470 4318 item
487 4254 520 4316 in
537 4275 572 4319 re
585 4245 768 4322 elaborent.
782 4295 825 4304 -
841 4255 926 4338 lpsis
939 4257 1097 4342 omnibus
1109 4255 1347 4336 hortatoribus,
1359 4257 1502 4324 minime
