3296 4886
391 301 432 350 12
588 303 770 356 ansanus
797 305 1007 358 aucrcmca
1037 293 1056 321 “
1081 285 1287 358 ocsosn1”

206 461 294 539 serris
309 462 360 512 atr·-
385 459 548 536 gratiores
563 475 635 521 esse
651 457 850 534 noverimus,
866 457 1043 522 Rosarium
1058 456 1180 521 idcirco
1191 459 1390 522 nominatim
1404 453 1489 520 indi·

207 527 360 656 &umere
386 577 462 624 care
477 559 588 640 placet
604 560 820 644 impensaque
836 560 1009 628 inculcare.
1037 561 1125 625 Huic
1147 562 1305 644 precandi
1328 561 1404 625 ritui
1430 578 1488 624 uo·

202 658 283 772 ‘0er
299 658 361 708 dum
387 681 463 724 men
479 683 611 728 coronae
635 665 806 728 communi
833 684 986 730 sermone
1010 665 1172 742 adhaesit,
1187 686 1226 729 ac
1243 665 1344 729 etiarn
1369 681 1487 728 caussa

231 739 360 839 raalai?
386 767 477 846 quod
491 787 613 850 magna
625 771 712 833 lusu
724 781 757 833 et
768 769 886 833 Matris
897 771 1065 852 mysteria,
1076 771 1207 852 gaudia,
1217 768 1488 847 dolores,trium·

385 867 480 950 phos,
506 871 657 938 felicibus
684 873 802 936 reddat
826 873 922 937 sertis
950 893 1112 938 connexa.
1140 873 1238 956 Quae
1268 870 1382 936 fideles
1413 891 1486 954 my·

384 971 485 1038 steria
500 986 644 1058 augusta
659 977 687 1038 si
714 977 769 1058 pia
792 979 1078 1042 commentatione
1093 997 1138 1040 ex
1154 976 1270 1041 ordine
1286 975 1437 1040 recolant
1450 983 1487 1038 et

383 1078 662 1162 contemplentur,
677 1082 798 1144 mirum
815 1091 979 1164 quantum
991 1081 1177 1147 adiumenti
1193 1081 1324 1144 trahere
1336 1079 1400 1143 sibi
1411 1096 1487 1160 pos·

382 1189 461 1245 sunt
474 1192 546 1248 tum
559 1185 602 1248 ad
619 1181 719 1247 fidem
737 1184 893 1250 alendam
921 1195 954 1250 et
981 1185 1025 1250 ab
1051 1185 1240 1269 ignorantia
1264 1195 1322 1248 aut
1338 1200 1485 1248 errorum

382 1297 475 1370 peste
487 1287 676 1367 tutandam,
692 1298 764 1352 tum
780 1291 882 1354 etiam
896 1291 939 1355 ad
958 1291 1115 1354 virtutem
1142 1289 1245 1353 animi
1271 1288 1484 1353 relevandam

381 1399 415 1454 et
430 1391 671 1456 sustinendam.
691 1392 767 1456 Hoc
783 1395 908 1457 etenim
926 1395 1028 1458 modo
1048 1392 1175 1458 orantis
1191 1393 1353 1474 cogitatio
1368 1401 1402 1456 et
1419 1409 1486 1454 me·

381 1495 496 1572 moria,
509 1493 586 1558 fidei
599 1495 724 1560 lumine
737 1495 957 1578 praelucente,
969 1497 1011 1560 ad
1025 1516 1064 1559 ea
1077 1497 1235 1578 mysteria
1246 1493 1486 1560 iucundissimo

381 1599 493 1664 studio
508 1599 667 1677 feruntur,
692 1601 725 1662 in
743 1601 857 1683 eisque
881 1610 916 1665 et
941 1599 1075 1664 defixae
1099 1609 1134 1665 et
1157 1601 1389 1677 discurrentes,
1404 1597 1486 1662 satis

380 1703 537 1767 admirari
555 1723 621 1768 non
637 1713 765 1786 queunt
791 1703 964 1769 restitutae
991 1703 1160 1767 humanae
1183 1703 1300 1768 salutis
1317 1703 1486 1766 inenarra-

379 1807 446 1871 bile
462 1827 557 1890 opus,
571 1815 642 1872 tam
669 1808 763 1892 largo
778 1808 887 1891 pretio
910 1827 1085 1892 rerumque
1110 1819 1280 1874 tantarum
1306 1808 1390 1871 serie
1406 1826 1485 1871 con·

379 1911 503 1976 fectum
519 1935 527 1976 z
542 1921 614 1976 tum
631 1933 709 1975 vero
725 1913 858 1976 animus
873 1929 972 1995 super
987 1911 1039 1976 his
1055 1913 1203 1977 caritatis
1232 1913 1366 1976 divinae
1387 1929 1484 1994 argu·

380 2015 502 2078 mentis
517 2035 631 2081 amore
641 2027 674 2081 et
689 2017 797 2098 gratia
813 2017 1012 2094 exardescit,
1024 2037 1118 2100 spem
1131 2015 1307 2081 confirmat
1318 2026 1353 2080 et
1373 2024 1484 2098 auget,

379 2120 520 2200 cupidus
546 2129 760 2203 arrectusque
786 2122 829 2184 ad
854 2119 1012 2185 caelestia
1042 2121 1200 2203 praemia,
1231 2119 1270 2184 iis
1298 2141 1318 2184 a
1345 2117 1482 2186 Christo

379 2233 496 2310 parata
512 2225 569 2306 qui
585 2243 621 2287 se
636 2225 679 2288 ad
696 2226 805 2306 ipsum
822 2225 1012 2290 imitatione
1026 2224 1174 2308 exempli
1191 2236 1225 2289 et
1247 2225 1484 2290 communione

379 2331 532 2395 dolorum
543 2328 769 2394 adiunxerint.
785 2331 879 2394 Haec
897 2331 982 2394 inter
993 2330 1142 2396 funditur
1154 2331 1262 2394 verbis
1275 2331 1432 2414 precatio,
1442 2329 1485 2394 ab

378 2437 453 2517 ipso
470 2433 628 2512 Domino,
644 2455 664 2496 a
680 2433 836 2500 Gabriele
852 2435 1077 2518 Archangelo,
1104 2437 1148 2498 ab
1165 2435 1316 2498 Ecclesia
1336 2433 1460 2498 tradita
1478 2459 1486 2496 :

379 2555 474 2620 quae,
490 2535 590 2618 plena
605 2537 742 2601 laudum
759 2549 793 2601 et
809 2537 1004 2600 salutarium
1024 2547 1194 2614 uotorum,
1219 2548 1311 2602 certo
1326 2537 1485 2619 varioque

380 2641 497 2705 ordine
521 2640 640 2704 iterata
670 2641 875 2717 continuata,
902 2659 1008 2704 novos
1036 2661 1140 2723 usque
1168 2641 1270 2726 habet
1301 2640 1482 2723 dulcesque

382 2743 506 2808 fructus
523 2745 667 2825 pietatis.

253 2862 358 2912 Rosarii
427 2846 589 2931 Magnam
606 2857 719 2912 autem
735 2849 927 2914 huiusmodi
944 2850 1127 2932 precationi
1140 2849 1292 2912 caelestis
1320 2849 1392 2929 ipsa
1419 2847 1484 2911 Re·

230 2942 356 3070 affin
382 2953 461 3035 gina
476 2952 637 3018 adiecisse
650 2955 806 3018 virtutem
823 2955 900 3017 ideo
915 2953 1083 3017 credenda
1098 2963 1157 3030 est,
1173 2954 1263 3036 quod
1274 2972 1335 3016 suo
1348 2951 1485 3016 numine

203 3032 353 3136 Albrgepses’
382 3063 415 3118 et
432 3055 590 3119 instinctu
608 3057 650 3119 ab
667 3057 782 3120 inclito
799 3069 893 3139 patre
911 3055 1091 3120 Dominico
1106 3059 1239 3120 invecta
1255 3059 1298 3120 sit
1315 3065 1348 3120 et
1365 3075 1484 3139 propa·

203 3123 355 3238 arigew-
382 3169 469 3242 gata,
494 3179 553 3242 per
579 3169 725 3224 aetatem
750 3161 915 3225 catholico
940 3161 1066 3225 nomini
1094 3161 1372 3239 adversissimam,
1395 3180 1485 3224 eam·

203 3255 355 3383 'lgm‘
382 3265 525 3348 demque
550 3263 628 3328 huic
653 3273 787 3327 nostrae
813 3283 930 3346 parum
962 3263 1170 3342 dissimilem,
1199 3263 1295 3348 quasi
1327 3261 1483 3327 bellicum

195 3383 300 3448 favores
308 3357 355 3434 rm'-
383 3371 643 3434 instrumentum
658 3371 701 3434 ad
721 3370 835 3434 hostes
851 3368 929 3434 fidei
945 3369 1164 3434 debellandos
1187 3370 1426 3453 praevalidum.
1443 3405 1486 3417 -

76 3463 92 3558 ’,
202 3456 357 3579 malms
383 3475 484 3540 Secta
499 3475 589 3538 enim
607 3473 840 3558 Albigensium
855 3475 1105 3549 haereticorum,
1118 3493 1185 3556 qua
1197 3474 1406 3539 clandestina
1418 3495 1485 3558 qua

219 3581 284 3632 tune
306 3596 354 3629 me·
382 3578 569 3655 manifesta,
584 3579 617 3641 in
645 3579 798 3660 regiones
823 3579 990 3641 invaserat
1018 3577 1161 3656 multas;
1188 3580 1358 3642 teterrima
1375 3577 1484 3643 Mani·

263 3654 351 3697 'W'
380 3683 558 3746 chaeorum
583 3685 768 3764 progenies,
798 3703 939 3764 quorum
958 3683 1122 3745 immanes
1150 3683 1322 3746 excitabat
1347 3703 1484 3760 errores,

380 3787 677 3870 simulationesque
692 3795 726 3850 et
742 3787 862 3850 caedes
877 3796 910 3849 et
927 3785 1071 3867 capitale
1096 3787 1129 3848 in
1157 3785 1342 3849 Ecclesiam
1368 3786 1484 3849 odium

380 3889 478 3952 nimis
496 3887 638 3951 multum
655 3887 826 3952 referebat
852 3887 1040 3950 Hominum
1068 3887 1242 3970 praesidiis
1267 3895 1384 3952 contra
1412 3907 1486 3968 per·

379 3993 634 4058 niciosissimam
651 3992 784 4056 turbam
801 4001 834 4054 et
851 3990 1049 4056 insolentem
1065 3992 1124 4054 vix
1136 3993 1201 4055 iam
1215 4000 1286 4054 erat
1298 3989 1487 4067 fidendum,
1574 4001 1585 4018 ·

379 4112 482 4178 quum
501 4115 687 4178 praesensa
700 4095 775 4159 Deo
785 4096 886 4172 venit,
900 4094 1030 4158 Rosarii
1044 4095 1190 4158 marialis
1202 4113 1276 4177 ope,
1287 4094 1483 4159 subsidium.

380 4198 445 4276 Sic,
461 4199 595 4263 favente
607 4199 755 4282 Virgine,
781 4200 926 4282 gloriosa
952 4200 1127 4264 haeresum
1155 4199 1306 4263 omnium
1337 4199 1484 4276 uictrice,

380 4305 464 4368 vires
481 4303 659 4386 impiorum
676 4301 897 4368 labefactatae
909 4311 943 4366 et
958 4301 1150 4384 perfractae,
1165 4302 1258 4366 salva
1280 4321 1382 4384 quam
1410 4301 1484 4384 plu·
