3216 4880
156 3067 158 3070 '
235 3060 294 3109 Vult
309 3059 380 3109 Deus

409 251 482 322 280
571 266 754 318 uprssoon
780 267 1011 319 neossourcn
1042 255 1062 285 “
1081 268 1312 322 annuerant.
1329 248 1347 274 ’¹

238 433 292 480 dem
304 431 377 479 liber·
408 431 521 484 tamen
545 419 682 486 libertas
699 438 766 482 non
784 427 835 481 est
851 419 1026 496 eiusmodi,
1042 429 1079 482 ut
1095 419 1201 483 ullum
1219 421 1276 484 det
1292 419 1500 483 aemulationi

228 505 377 611 ’ζξζζζῗζ
406 523 616 605 invidiaeque
636 520 747 584 locum
764 545 770 584 :
787 541 854 583 non
871 523 959 584 enim
973 522 1161 602 potentiam
1173 532 1385 588 consectatur
1398 523 1500 586 Eccle-

226 635 275 678 rem
294 628 381 703 uritur
405 629 463 704 sia,
489 646 597 708 neque
616 625 685 688 ulla
705 625 890 706 cupiditate
906 645 966 687 sua
983 624 1175 705 impellitur,
1191 627 1251 690 sed
1269 627 1334 690 hoc
1351 629 1433 702 vult,
1449 627 1501 688 hoc

228 709 377 807 mnanma·
404 733 534 814 expetit
551 731 656 806 unice,
672 729 755 790 tueri
773 729 805 790 in
822 727 1014 792 hominibus
1031 727 1140 792 officia
1150 731 1323 810 virtutum,
1335 741 1370 795 et
1388 733 1448 794 bac
1461 749 1501 792 ra·

270 858 378 920 Dejure
404 835 503 908 tione,
519 832 581 894 hac
598 833 660 907 via,
675 833 899 911 sempiternae
910 851 1029 920 eorum
1046 831 1146 894 saluti
1163 834 1346 900 consulere.
1366 834 1502 915 Ideoque

226 923 377 1052 ‘affigam
405 937 598 1001 facilitatem
616 934 928 1018 indulgentiamque
946 945 1132 999 maternam
1149 937 1309 1000 adhibere
1320 939 1408 1004 solet
1423 961 1430 1002 :
1446 939 1504 1000 imo

286 1053 378 1102 nedum
404 1044 505 1104 etiam
532 1059 597 1104 non
624 1059 699 1101 raro
723 1039 898 1120 contingit,
927 1050 963 1100 ut
990 1040 1084 1120 plura
1112 1041 1321 1122 temporibus
1338 1042 1503 1105 civitatum

226 1119 262 1166 Μ
269 1134 293 1166 1‘
309 1119 377 1194 W‘?
405 1146 563 1221 tribuens,
593 1143 641 1207 uti
673 1144 743 1206 iure
770 1162 831 1206 suo
858 1144 1049 1206 abstineat:
1079 1145 1170 1226 quod
1198 1165 1279 1208 sane
1307 1155 1409 1226 pacta
1437 1147 1501 1227 ipsa

225 1191 377 1326 &iiiiii
404 1247 538 1312 abunde
564 1255 729 1310 testantur
752 1265 828 1310 cum
857 1245 1006 1325 imperiis
1032 1267 1133 1328 saepe
1162 1259 1338 1313 conventa.
1360 1247 1504 1312 -Nihil

255 1321 377 1428 ‘ii-{²222}
405 1351 513 1434 magis
529 1349 573 1416 ab
590 1371 629 1412 ea
646 1351 806 1426 alienum,
824 1368 926 1432 quam
944 1371 1060 1434 rapere
1076 1353 1118 1415 ad
1136 1373 1172 1415 se
1187 1355 1367 1436 quicquam
1385 1353 1429 1417 de
1445 1353 1506 1415 iure

225 1451 380 1572 ffiffl'
404 1455 556 1536 imperii:
584 1455 642 1516 sed
670 1455 816 1516 vicissim
841 1463 995 1516 vereatur
1022 1455 1199 1536 imperium
1218 1475 1354 1520 necesse
1369 1465 1427 1520 est
1441 1457 1504 1518 iura

234 1640 239 1650 .
276 1573 378 1637 perium
407 1558 586 1636 Ecclesiae,
602 1567 785 1640 caveatque
802 1578 844 1622 ne
862 1557 963 1621 ullam
981 1579 1025 1622 ex
1042 1559 1081 1622 iis
1098 1571 1228 1642 partem
1241 1561 1284 1624 ad
1298 1581 1333 1623 se
1347 1562 1507 1624 traducat.

224 1655 287 1754 7,ss
297 1640 377 1688 Eccre-
405 1703 448 1712 -
471 1663 570 1726 Nunc
597 1683 684 1739 vero,
712 1665 739 1725 si
768 1682 818 1725 res
846 1671 879 1725 et
908 1662 995 1726 facta
1024 1674 1226 1746 spectentur,
1250 1665 1441 1729 cuiusmodi
1463 1675 1507 1728 est

310 1770 379 1846 Haec
405 1781 594 1850 temporum
622 1772 762 1830 cursus?
792 1767 979 1832 Ecclesiam
996 1767 1152 1831 videlicet
1170 1777 1362 1851 suspectam
1379 1769 1506 1842 habere,

227 1849 377 1964 nements:
405 1871 562 1948 fastidire,
577 1871 697 1945 odisse,
713 1871 876 1935 invidiose
888 1871 1056 1934 criminari
1070 1873 1169 1935 nimis
1184 1873 1280 1936 multi
1293 1893 1506 1936 consuevere:

252 1967 381 2080 infflg
405 1977 561 2061 quodque
588 1975 694 2039 multo
711 1976 854 2057 gravius,
870 1975 902 2037 id
922 1985 1027 2056 agunt
1044 1975 1137 2038 omni
1154 1996 1218 2058 ope
1233 1985 1267 2038 et
1283 1978 1506 2044 contentione.

228 2102 315 2155 aetate,
404 2090 442 2144 ut
465 2081 583 2143 ditioni
612 2080 873 2161 gubernatorum
891 2080 1035 2143 civitatis
1053 2078 1177 2144 faciant
1189 2080 1401 2146 servientem.
1423 2081 1505 2144 Hinc

403 2204 464 2246 sua
490 2183 553 2265 ipsi
579 2191 613 2245 et
638 2192 752 2264 erepta
777 2182 875 2260 bona,
891 2193 924 2246 et
940 2183 1086 2246 deducta
1102 2183 1135 2245 in
1153 2195 1334 2264 angustum
1353 2183 1506 2247 libertas:

403 2288 481 2350 hinc
511 2287 722 2350 alumnorum
748 2287 833 2350 sacri
860 2286 986 2350 ordinis
1013 2287 1227 2350 circumiecta
1255 2286 1505 2352 difficultatibus

403 2390 591 2454 institutio:
619 2389 766 2470 perlatae
793 2391 826 2452 in
854 2391 978 2453 clerum
1006 2389 1166 2472 singulari
1195 2391 1375 2454 severitate
1399 2391 1505 2474 leges:

403 2493 593 2570 dissolutae,
620 2492 817 2574 prohibitae,
840 2493 971 2573 optima
986 2493 1156 2556 christiani
1173 2492 1319 2555 nominis
1336 2492 1505 2574 praesidia

404 2599 633 2679 religiosorum
650 2595 868 2660 sodalitates:
889 2596 991 2672 brevi,
1011 2595 1245 2678 regalistarum
1262 2606 1444 2678 praecepta
1463 2607 1505 2656 at·

403 2722 469 2784 que
485 2710 560 2764 acta
572 2701 723 2764 acerbius
739 2709 907 2764 renovata.
917 2700 993 2763 Hoc
1007 2701 1142 2782 quidem
1156 2708 1208 2762 est
1224 2701 1291 2762 vim
1305 2698 1426 2762 afferre
1437 2719 1505 2762 san·

227 2813 380 2912 mam
404 2804 560 2868 ctissimis
572 2803 742 2866 Ecclesiae
758 2803 884 2867 iuribus
899 2803 1008 2885 :quod
1027 2803 1179 2866 maxima
1191 2803 1301 2884 gignit
1316 2803 1506 2865 civitatibus

229 2937 284 2978 rum
303 2930 379 2979 derri·
406 2909 502 2986 mala,
527 2917 703 2990 propterea
730 2909 819 2988 quod
844 2927 920 2970 cum
937 2908 1059 2971 divinis
1076 2907 1222 2970 consiliis
1241 2917 1356 2988 aperte
1373 2915 1505 2989 pugnat

229 3001 317 3044 mento.
406 3013 562 3092 Princeps
578 3009 781 3092 animatque
796 3011 912 3090 opifex
927 3009 1042 3073 mundi
1057 3010 1160 3086 Deus,
1175 3013 1232 3091 qui
1243 3011 1420 3074 hominum
1433 3027 1505 3074 con·

249 3125 381 3174 retemtas
403 3116 589 3200 gregationi
606 3126 639 3177 et
655 3113 785 3179 civilem
802 3127 835 3176 et
851 3135 981 3179 sacram
999 3124 1202 3197 potestatem
1217 3115 1505 3196 providentissime

234 3198 380 3305 mm
404 3219 604 3303 praeposuit,
619 3215 795 3281 distinctas
811 3219 947 3299 quidem
966 3239 1161 3300 permanere
1179 3239 1235 3282 eas
1252 3219 1368 3294 voluit,
1382 3231 1416 3281 at
1432 3237 1505 3281 vero

228 3337 325 3370 sacram
337 3330 378 3384 βο·
404 3327 569 3400 seiunctas
597 3343 669 3384 esse
696 3333 729 3385 et
756 3321 935 3402 confligere
961 3323 1075 3385 vetuit.
1105 3321 1195 3403 Quin
1222 3323 1327 3386 immo
1349 3343 1427 3386 curn
1445 3321 1504 3384 Dei

256 3392 380 3501 2252ss
403 3426 507 3506 ipsius
530 3423 695 3500 voluntas,
725 3433 796 3487 turn
814 3441 992 3486 commune
1009 3423 1180 3488 societatis
1197 3425 1366 3487 humanae
1382 3424 1505 3487 bonum

245 3517 380 3646 ‘²qu
404 3529 542 3593 omnino
567 3525 724 3609 postulat,
750 3536 786 3590 ut
810 3537 960 3610 potestas
983 3526 1089 3590 civilis
1105 3527 1139 3590 in
1157 3528 1304 3610 regendo
1321 3529 1505 3609 gubernan-

260 3647 381 3696 societatis
404 3635 514 3715 doque
539 3651 614 3695 cum
640 3629 866 3695 ecclesiastica
892 3631 1079 3702 conveniat.
1110 3630 1202 3694 Hinc
1227 3651 1287 3694 sua
1313 3642 1347 3694 et
1374 3630 1505 3713 propria

228 3713 380 3840 roim?
404 3745 482 3800 sunt
505 3736 645 3818 imperio
672 3737 743 3798 iura
770 3743 871 3816 atque
895 3731 1014 3811 officia,
1040 3755 1100 3797 sua
1125 3735 1205 3797 item
1235 3733 1426 3797 Ecclesiae:
1449 3733 1502 3794 sed

228 3842 295 3890 tutat
313 3845 378 3892 utri·
404 3837 543 3900 alterum
569 3855 644 3898 curn
671 3836 775 3898 altera
802 3835 1000 3898 concordiae
1025 3833 1135 3898 vinclo
1151 3834 1346 3915 colligatum
1363 3853 1436 3896 esse
1453 3850 1503 3894 ne-

253 3917 379 4022 mm}
403 3961 494 4004 cesse
524 3949 583 4004 est.
609 3976 652 3986 -
679 3939 733 4002 Ita
758 3957 838 4002 sane
864 3935 1023 4016 futurum,
1049 3947 1085 4002 ut
1113 3936 1284 4002 Ecclesiae
1311 3937 1503 4018 imperiique

228 4105 257 4152 d.
283 4054 377 4088 concor·
403 4043 666 4110 necessitudines
679 4054 817 4106 mutuae
833 4042 876 4105 ab
892 4041 949 4104 illa
961 4061 1035 4104 sese
1045 4041 1230 4122 expediant
1244 4039 1503 4121 perturbatione.

245 4119 306 4152 ram.
403 4170 489 4234 quae
505 4167 593 4212 nunc
609 4157 669 4224 est,
681 4166 748 4212 non
767 4166 834 4208 uno
851 4146 988 4210 nomine
1004 4144 1203 4226 improvida,
1219 4143 1386 4225 bonisque
1401 4141 1502 4206 omni-

404 4255 466 4316 bus
482 4250 704 4331 permolesta:
720 4248 911 4330 pariterque
928 4247 1172 4328 impetrabitur,
1188 4255 1306 4308 utnon
1321 4244 1501 4327 permixtis,
