3216 4880
381 239 452 324 346
735 255 856 304 ruuux
884 255 1136 307 xunurrrcus

379 425 486 478 bonum
499 426 624 494 postulat
643 425 788 496 utriusque
801 424 952 495 potestatis
965 423 1152 480 concordiam
1166 425 1292 478 ado-281.
1306 453 1343 463 -
1353 426 1494 494 Magnum

379 511 479 566 unitati
493 512 646 568 discrimen
660 513 807 584 impendet
820 529 838 567 a
855 523 934 566 secta
947 513 1119 580 massonica‚
1132 528 1206 582 quae
1216 513 1355 568 audacter
1362 513 1427 583 jam
1446 531 1495 582 per

379 608 470 655 totum
489 602 587 656 orbem
608 611 761 672 grassatur,
774 619 879 656 nomen
895 601 1089 658 Christianum
1108 601 1291 656 omnimodo
1310 603 1494 672 impugnans,

379 687 614 744 humanaesimul
626 700 655 744 et
668 691 783 748 divinae
792 691 948 744 adversans
958 688 1103 758 potestati,
1117 689 1262 759 soliusque
1274 701 1398 745 naturae
1407 689 1494 746 cultui

379 777 494 831 addicta
503 777 769 834 281.—Cavendum
776 777 894 832 omnino
904 779 941 832 ab
951 777 1039 846 impia
1049 777 1263 832 secta.Nefaria
1272 777 1364 847 ipsius
1374 779 1495 834 consilia

380 865 461 918 Deus
474 865 632 934 prohibeat,
639 865 796 935 jugumque
807 864 1039 934 indignissimum
1050 865 1174 919 excuti-at
1184 865 1357 920 christianus
1371 868 1495 936 populus

379 953 506 1007 281·282.
528 983 562 992 —
586 955 614 1007 11
640 954 731 1008 Pars:
755 955 801 1008 De
816 953 910 1020 bonis,
932 969 966 1007 ex
980 953 1062 1007 Fidei
1081 954 1189 1007 unitate
1205 955 1327 1008 orituris.
1344 955 1494 1009 Ecclesiae

379 1051 447 1094 tunc
467 1041 581 1096 debitus
602 1042 769 1096 redderetur
790 1043 892 1109 honor,
914 1040 1124 1111 ministeriique
1143 1039 1269 1108 libertas,
1293 1059 1350 1112 qua
1370 1043 1493 1098 multum

380 1141 477 1198 posset
499 1130 536 1184 ad
558 1131 680 1186 salutem
703 1131 832 1185 conferre
846 1129 995 1183 civitatum
1008 1129 1069 1183 282.
1083 1157 1119 1166 -
1132 1129 1268 1183 Gentium
1282 1129 1362 1185 fieret
1373 1131 1494 1201 conjun-

380 1216 445 1283 ctio,
456 1229 554 1272 nostro
568 1227 696 1287 tempore
706 1216 829 1270 maxime
843 1215 1043 1284 desideranda,
1057 1233 1123 1270 cum
1137 1225 1180 1271 tot
1192 1233 1227 1270 ex
1238 1229 1380 1287 apparatu
1390 1219 1495 1273 bellico

381 1305 457 1358 mala
477 1304 645 1373 proveniant
658 1306 719 1358 282.
732 1333 765 1343 -
784 1303 891 1358 Pacem
911 1305 985 1358 inter
1003 1320 1035 1358 se
1054 1319 1153 1358 veram
1171 1312 1273 1372 gentes
1291 1321 1350 1358 non
1371 1319 1491 1374 possunt

380 1390 499 1460 adipisci
511 1391 564 1446 nisi
573 1393 641 1461 Jesu
652 1389 756 1445 Christi
766 1390 905 1445 beneficio
919 1389 1046 1458 282-283.
1059 1419 1094 1429 -
1105 1391 1172 1444 Nou
1182 1399 1294 1445 tantum
1308 1391 1387 1459 foris,
1400 1394 1454 1447 sed
1466 1405 1492 1447 et

380 1477 457 1530 domi
472 1495 572 1548 pacem
586 1481 710 1534 firmaret
724 1479 818 1532 unitas
838 1477 928 1543 Fidei,
943 1479 1047 1548 quippe
1061 1493 1135 1548 quae
1148 1494 1252 1532 causae
1263 1479 1366 1531 sociali
1375 1496 1490 1534 necnon

376 1564 510 1632 politicae
523 1564 700 1620 dirimendae
712 1565 958 1636 opportunissima
971 1575 1015 1620 est
1026 1564 1124 1631 283.-
1133 1566 1179 1619 De
1188 1565 1291 1619 sociali
1297 1583 1386 1620 causa
1393 1579 1490 1622 actum

381 1655 424 1699 est
438 1646 466 1700 in
480 1649 530 1702 litt.
545 1649 653 1715 encycl.
667 1650 703 1702 de
713 1648 878 1703 conditione
891 1648 1071 1718 opificum·
1085 1649 1119 1701 In
1130 1663 1160 1702 re
1169 1647 1287 1716 politica
1296 1648 1381 1704 docet
1392 1651 1492 1705 Eccle-

381 1733 424 1786 sia
436 1734 578 1805 principes
592 1747 668 1790 recte
681 1753 778 1805 gerere
791 1745 964 1806 potestatem
978 1734 1046 1805 ipsis
1060 1751 1077 1788 a
1093 1737 1158 1789 Deo
1177 1735 1361 1790 commissam
1376 1755 1384 1790 ε
1397 1739 1492 1793 subdi-

381 1821 418 1874 tis
426 1839 492 1875 vero
503 1823 626 1878 inculcat
635 1821 763 1878 debiturn
774 1821 1141 1894 obsequiumprincipi,Dei
1152 1839 1307 1892 personam
1320 1825 1418 1893 agenti
1431 1825 1489 1894 ²33»

380 1937 416 1947 -·
430 1910 559 1964 Ecclesia
572 1910 681 1982 optima
699 1911 875 1966 conciliatrix
896 1922 940 1966 est
959 1911 1131 1966 concordiae
1150 1911 1312 1981 principum
1325 1929 1360 1968 ac
1374 1916 1491 1984 populo-

282 2017 287 2025 ·
380 2015 442 2049 rum
457 1998 515 2064 283.
530 2027 565 2036 -
585 1999 672 2053 Lacte
685 1999 846 2053 considerat
866 1998 996 2054 Pontifex
1009 2010 1078 2068 quot
1091 2016 1126 2053 ex
1138 1998 1271 2054 restituta
1285 1999 1367 2054 Fidei
1381 2001 1491 2054 unitate

381 2098 552 2152 proventura
565 2097 662 2141 essent
676 2088 753 2140 bona
771 2087 816 2140 vel
830 2087 899 2156 ipsis
913 2086 1027 2141 incultis
1040 2085 1174 2155 gentibus
1188 2105 1195 2140 ι
1208 2088 1337 2142 veritatis
1350 2087 1492 2158 siquidem

381 2172 622 2243 humanitatisque
635 2173 740 2241 lumen,
753 2174 905 2242 quominus
926 2174 966 2228 ad
985 2183 1111 2228 remotos
1133 2173 1339 2228 diffunderetur
1360 2175 1492 2244 populos,

281 2263 289 2278 '
382 2255 528 2328 impedivit
541 2279 597 2314 non
612 2261 731 2316 minima
743 2279 777 2315 ex
791 2271 871 2330 parte
890 2259 1034 2316 discordia
1053 2262 1169 2316 saeculo
1191 2261 1261 2314 XVI
1282 2269 1344 2316 orta
1366 2263 1493 2330 283-284

382 2377 417 2385 —
431 2349 637 2404 Restituendae
654 2349 833 2416 concordiae,
846 2366 880 2404 ac
894 2349 1005 2402 veritati
1019 2349 1076 2402 late
1090 2349 1303 2418 propagandae,
1313 2351 1494 2419 opportunis·

383 2433 457 2487 sima
468 2436 610 2489 advenere
627 2445 756 2504 tempora
770 2435 896 2504 284285.
910 2465 945 2474 —-
958 2437 1045 2506 Spem
1059 2451 1175 2490 omnem
1186 2435 1276 2490 felicis
1289 2435 1328 2496 rei
1341 2437 1445 2506 exitus,
1463 2439 1493 2490 in

382 2521 451 2590 Jesu
464 2524 574 2592 reponit
589 2523 727 2590 Pontifex,
745 2522 950 2593 Principesque
963 2533 1045 2592 rogat
1059 2533 1089 2577 ut
1102 2523 1174 2578 haec
1187 2523 1368 2593 perpendant
1384 2523 1494 2579 monita

384 2609 443 2678 285.
453 2641 486 2648 -
497 2612 658 2666 Memorata
672 2611 824 2681 superioris
834 2610 940 2665 saeculi
950 2611 1173 2682 perturbatione,
1183 2621 1300 2682 exoptat
1314 2624 1343 2668 ut
1356 2629 1495 2684 praesens

384 2700 421 2752 ad
434 2699 520 2754 finem
533 2701 666 2755 deveniat
680 2713 760 2756 aetas
774 2701 847 2755 inter
859 2701 1031 2756 concordiae
1041 2701 1130 2768 initia,
1144 2702 1305 2770 opitulante
1320 2703 1384 2757 Deo
1397 2702 1458 2770 285¹.

419 2809 469 2858 53.
487 2809 694 2860 EPISTOLA
708 2811 751 2860 ad
770 2799 1040 2870 archiepiscopos
1061 2815 1090 2858 et
1104 2810 1283 2872 Episcopos
1302 2811 1405 2860 Brasi-

383 2896 446 2943 llae
460 2897 499 2946 de
512 2897 664 2958 augenda
680 2910 713 2945 re
726 2896 909 2946 christiana
922 2897 958 2944 ln
973 2896 1124 2945 Brasllla.
1141 2895 1404 2947 —2ru1111894.

1342 2997 1406 3049 pag.
1445 2979 1499 3033 286

419 3081 602 3151 Amplilicata
614 3101 631 3136 a
645 3081 782 3137 Pontifice
796 3081 955 3136 hierarchia
968 3081 997 3134 in
1018 3082 1148 3150 Brasilia,
1159 3083 1220 3151 jam
1242 3083 1309 3136 licet
1328 3081 1497 3136 Pastoribus

384 3169 547 3238 vigilantius
557 3172 635 3242 gregi
649 3183 677 3226 et
690 3173 767 3226 clero
780 3171 944 3242 prospicere
958 3173 1018 3225 286.
1030 3171 1166 3226 —Aucto
1177 3171 1386 3242 Episcoporum
1396 3189 1497 3226 nume-

385 3273 425 3324 ro,
438 3259 628 3313 adhibeantur
647 3277 664 3312 a
682 3259 800 3328 singulis
820 3259 947 3313 remedia
961 3257 1043 3312 malis
1057 3257 1192 3312 tollendis
1205 3271 1368 3328 opportuna
1379 3259 1442 3312 286
1462 3287 1501 3296 —-

385 3345 432 3399 Ad
444 3345 592 3400 scientiam
607 3347 793 3401 informentur
807 3347 938 3400 homines
952 3345 1025 3399 sacri
1040 3345 1159 3412 ordinis,
1172 3345 1287 3415 sintque
1299 3361 1411 3400 morum
1430 3362 1497 3399 san-

385 3433 483 3488 ctitate
503 3433 658 3503 conspicui,
682 3443 711 3487 ut
731 3435 819 3489 verbo
838 3433 973 3488 traditam
992 3431 1152 3488 doctrinam
1169 3421 1303 3503 'exemplo
1325 3434 1497 3489 confirment

386 3519 510 3587 286-287.
524 3553 558 3559 -
573 3523 628 3592 Qui
650 3522 789 3592 paroeciis
809 3531 953 3591 praesunt,
968 3538 1049 3575 suum
1072 3521 1196 3575 officium
1210 3521 1432 3590 diligentissime
1443 3523 1499 3575 im-

385 3607 490 3676 pleant,
507 3609 787 3678 Superiorumductu
801 3610 860 3674 287.
875 3639 909 3648 -
924 3609 1052 3662 Maxima
1065 3609 1101 3662 sit
1116 3625 1183 3663 cura
1193 3609 1351 3678 Episcopis
1360 3609 1397 3664 de
1406 3610 1499 3664 Semi-

386 3695 481 3764 uariis,
495 3696 522 3748 in
534 3697 636 3766 quibus
645 3697 771 3766 magistri
781 3696 965 3751 scientiarum
980 3707 1067 3766 atque
1078 3697 1193 3766 pietatis
1203 3709 1386 3751 assumantur
1396 3695 1498 3768 optimi

386 3783 512 3848 287·288.
527 3815 558 3823 -
576 3785 608 3836 ln
623 3784 802 3838 dioecesibus
813 3786 859 3838 ubi
874 3786 952 3839 nulla
965 3784 1059 3838 adhuc
1080 3783 1242 3860 seminaria
1254 3785 1389 3850 existunt,
1400 3799 1501 3840 curent

386 3873 537 3926 Antistites
550 3883 580 3926 ut
593 3890 628 3926 ea
640 3872 849 3943 quamprimum
860 3871 1071 3927 constituantur
1088 3871 1148 3927 288.
1162 3901 1196 3910 -
1210 3873 1335 3927 Romam
1349 3873 1501 3928 mittantur

385 3959 519 4028 egregiae
532 3959 591 4030 spei
602 3961 800 4014 adolescentes
815 3959 843 4014 in
851 3959 973 4028 collegio
983 3961 1151 4014 clericorum
1162 3959 1314 4014 Americae
1328 3961 1501 4015 meridiona-

387 4048 422 4101 lis
436 4048 600 4102 instituendi
615 4047 675 4102 288.
685 4077 719 4086 -
735 4048 942 4102 instaurandae
956 4047 1157 4101 observantiae
1174 4047 1271 4101 studio
1284 4047 1413 4104 decrevit
1428 4049 1500 4102 Pon·

387 4135 455 4189 tifex
469 4147 498 4189 ut
517 4135 725 4204 Religiosorum
747 4135 946 4204 indigenorum
967 4135 1069 4188 domus
1082 4134 1244 4189 auctoritati
1262 4137 1418 4190 subessent
1432 4135 1502 4191 Eni-

387 4241 552 4292 scoporum:
562 4235 676 4278 strenue
686 4224 747 4293 jam
759 4222 788 4276 hi
800 4239 903 4277 munus
914 4239 996 4276 suum
1006 4222 1034 4274 in
1045 4239 1075 4276 re
1088 4232 1148 4276 tam
1157 4221 1364 4293 utiliimpleant
1374 4223 1502 4290 288-289.
