3222 4888
285 301 337 350 DE
364 301 485 352 REBUS
514 301 818 352 ECCLESIASTICIS
847 303 1049 354 POLONIAE.
1147 305 1213 376 251

113 474 192 536 pore
205 473 376 535 nunquam
395 453 477 530 Nos,
493 454 544 516 vel
561 465 662 535 capta
677 455 729 517 vel
746 455 900 536 quaesita
916 455 1102 534 occasione,
1118 468 1218 538 pacta
1259 476 1385 564 MAquH

113 565 278 620 conventa
304 555 522 636 expostulare
537 556 710 621 desiimus.
727 553 819 638 Quia
837 558 941 620 immo
958 558 1094 620 easdem
1112 577 1219 638 expo·
1286 576 1359 638 1894·

114 663 310 726 stulatlones
336 663 379 725 ad
397 663 506 744 ipsum
531 661 651 726 deferri
665 663 791 744 placuit
808 663 1080 745 potentissimum
1108 663 1219 745 lmpe-
1245 691 1366 755 atquead

46 785 48 789 ’
114 778 265 843 retorem,
291 767 385 828 cuius
411 776 445 829 et
469 764 684 848 exploratum
713 767 745 829 in
776 765 848 829 Nos
875 767 1042 830 amicitiae
1068 767 1217 830 animum
1246 757 1397 870 mmlx·

114 885 145 934 et
170 872 318 934 studium
345 869 492 934 iustitiae
517 869 688 933 excelsum
729 870 890 934 obtestati
918 871 1020 933 enixe
1043 891 1159 933 sumus
1186 871 1218 932 in
1243 829 1399 950 {osteodes-

113 993 229 1038 caussa
245 984 374 1038 vestra:
406 994 515 1056 neque
532 975 793 1037 intermittemus
819 975 1013 1055 rogationes
1039 975 1082 1038 ad
1101 974 1218 1055 Ipsum
1245 960 1281 1004 ta.

113 1099 170 1159 per
194 1087 327 1160 tempus
352 1076 520 1155 adhibere,
545 1097 603 1140 eas
630 1077 806 1160 potissime
829 1078 1107 1140 commendantes
1136 1077 1221 1155 Deo,

112 1182 236 1264 quippe
261 1201 316 1243 cor
329 1179 416 1264 regis
441 1180 476 1244 in
492 1200 594 1244 manu
618 1179 761 1244 Domini
785 1179 836 1262 ().
853 1218 893 1228 —
916 1181 988 1244 Vos
1014 1190 1137 1258 autem,
1152 1181 1221 1245 Ve-
1280 1219 1400 1284 Episcopi

113 1284 276 1348 nerabiles
305 1284 446 1362 Fratres,
473 1285 603 1367 pergite
626 1285 828 1366 dignitatem
852 1294 1133 1367 sacrosanctaque
1150 1286 1221 1349 iura
1243 1291 1352 1361 pergae
1369 1285 1399 1334 in

113 1392 283 1473 religionis
309 1391 496 1455 catholicae
522 1391 708 1454 Nobiscum
725 1391 810 1454 tueri
827 1415 834 1454 :
850 1411 936 1472 quae
953 1401 1033 1454 tunc
1051 1411 1129 1454 vere
1146 1411 1220 1471 pro·
1247 1351 1373 1464 mia,

113 1498 224 1580 posito
248 1505 361 1579 potest
385 1507 540 1559 constare
558 1515 619 1558 suo
636 1505 669 1558 et
685 1493 848 1557 beneficia
872 1494 990 1558 afferre
1006 1514 1093 1578 quae
1109 1495 1222 1570 debet,
1240 1482 1351 1596 {um
1368 1547 1399 1596 li-

114 1617 216 1681 quum
234 1599 341 1662 iustae
357 1598 545 1663 securitatis
571 1598 804 1680 libertatisque
814 1617 964 1680 compos,
979 1598 1110 1662 idoneis
1126 1617 1220 1680 prae·
1247 1563 1351 1670 irtio,-

114 1704 206 1766 sidiis
231 1704 406 1767 instruitur
437 1703 480 1766 ad
511 1703 691 1778 actionem,
718 1714 883 1784 quantum
916 1711 1082 1784 oporteat,
1113 1703 1221 1784 expli-

112 1809 264 1872 candam.
293 1807 466 1890 Quoniam
493 1828 572 1871 vero
586 1807 648 1888 ipsi
666 1807 853 1888 perspicitis
878 1808 1012 1888 qualem
1029 1807 1222 1871 dederimus
1249 1785 1390 1894 2³}ssssssss

112 1913 231 1976 demus
258 1930 396 1992 operam
424 1909 658 1992 tranquillitati
690 1910 815 1991 publici
840 1912 967 1974 ordinis
990 1911 1221 1975 conciliandae
1249 1909 1388 1988 afaikai-¹

114 2023 147 2084 in
175 2021 332 2102 gentibus
359 2020 660 2101 continendaeque‚
687 2019 789 2082 iidem
816 2041 914 2102 agere
940 2039 981 2082 ne
1009 2021 1154 2098 cessetis,
1186 2027 1223 2082 ut
1246 1975 1400 2105 wipo

114 2123 346 2186 sublimiorum
364 2132 571 2205 potestatum
596 2123 811 2186 observantia
827 2133 860 2186 et
877 2123 1031 2214 publicae
1047 2124 1223 2206 obtempe-
1248 2107 1329 2168 “⁰5¹2'’

114 2227 200 2291 ratio
228 2227 425 2308 disciplinae
450 2227 483 2290 in
509 2225 598 2288 clero
623 2227 814 2308 pariterque
839 2227 872 2290 in
889 2227 1007 2290 ceteris
1033 2226 1128 2290 firme
1143 2247 1222 2290 con-

114 2331 232 2393 sistat:
259 2337 361 2411 atque
392 2329 449 2404 ita,
479 2329 571 2392 omni
589 2347 724 2411 prorsus
754 2327 949 2391 offensionis
970 2327 1021 2392 vel
1044 2328 1222 2410 reprehen-

114 2432 217 2496 sionis
244 2452 363 2494 caussa
390 2429 558 2508 submota,
574 2431 735 2513 omnique
758 2433 869 2513 specie
897 2431 1160 2496 insimulationis
1188 2434 1223 2495 in

115 2536 334 2600 reverentiam
361 2555 531 2613 conversa,
557 2535 725 2598 catholico
751 2536 879 2599 nomini
907 2557 967 2600 sua
996 2535 1068 2600 laus
1085 2548 1223 2602 maneat

115 2651 149 2704 et
179 2649 357 2704 accrescat.
383 2675 427 2688 -
454 2639 539 2702 Item
567 2641 610 2702 sit
645 2649 793 2704 vestrum
820 2641 853 2702 in
882 2640 916 2704 id
957 2640 1161 2718 incumbere,
1187 2650 1223 2704 ut
1250 2675 1376 2724 ,ΝΜ

112 2743 299 2826 quidquam
327 2763 369 2806 ne
393 2743 480 2807 desit
506 2743 550 2806 de
574 2763 708 2806 summa
734 2741 882 2806 fidelium
911 2743 1029 2820 salute,
1052 2763 1160 2826 neque
1190 2743 1223 2806 in
1251 2742 1401 2789 tantomni-

112 2847 388 2911 administrandis
414 2846 522 2922 curiis,
548 2865 655 2926 neque
669 2847 702 2908 in
720 2847 846 2926 pabulo
869 2846 972 2910 divini
990 2846 1082 2910 verbi
1099 2847 1221 2929 imper·
1246 2805 1391 2935 2222&ssss

1251 2938 1356 2986 salutem
1364 2937 1401 3002 fi·

116 2954 240 3031 tiendo,
268 2973 376 3036 neque
389 2955 420 3015 in
438 2951 561 3015 alendo
576 2951 747 3033 religionis
770 2951 908 3034 spiritu;
934 2961 969 3015 ut
986 2953 1079 3034 pueri
1095 2961 1128 3016 et
1144 2951 1224 3015 ado·
1250 3005 1346 3054 dedum

116 3056 288 3134 lescenteS,
313 3056 462 3120 maxime
495 3055 528 3117 in
556 3055 689 3128 scholis,
724 3073 818 3117 sacra
849 3055 1017 3118 catechesi
1048 3054 1226 3136 diligenter

116 3161 319 3236 imbuantur,
346 3160 457 3242 idque,
483 3169 611 3240 quanto
628 3158 736 3239 magis
753 3155 822 3221 fieri
852 3157 967 3242 possit,
991 3158 1094 3239 opera
1120 3177 1226 3220 sacer·

114 3263 376 3344 dotum‚quibus
390 3264 432 3326 sit
448 3283 468 3325 a
486 3261 580 3325 vobis
591 3263 624 3325 id
637 3261 786 3343 legitime
796 3261 1039 3323 demandatum
1055 3269 1111 3338 ;ut
1123 3255 1227 3322 cultui
1252 3271 1382 3348 aretinum

114 3369 231 3432 divino
256 3376 290 3430 et
317 3367 419 3429 decor
443 3385 612 3429 sacrarum
630 3365 763 3427 aedium
781 3373 815 3428 et
831 3364 936 3428 festus
961 3363 1225 3426 sollemnitatum
1252 3338 1380 3384 noenum.

114 3473 224 3534 honor
240 3470 341 3552 plane
357 3480 555 3554 congruant,
572 3469 661 3532 unde
683 3467 765 3531 fides
781 3469 893 3532 haurit
904 3470 995 3532 bona
1010 3469 1225 3532 incrementa.

114 3575 318 3639 Rectissime
340 3595 438 3656 porro
466 3573 620 3648 feceritis,
646 3575 880 3654 praecavendo
897 3573 1100 3650 discrimina,
1116 3571 1143 3634 si
1159 3591 1226 3655 qua
1285 3604 1317 3654 Si
1329 3619 1403 3668 quaa-

113 3679 202 3743 iorte
217 3679 309 3740 hisce
326 3678 359 3740 in
377 3679 474 3740 rebus
493 3679 619 3740 instare
636 3675 835 3756 videantur,
857 3677 901 3740 ob
916 3695 1058 3758 eamque
1073 3695 1225 3739 caussam
1251 3669 1405 3748 dandami·

114 3803 157 3844 ne
188 3781 351 3845 dubitetis
377 3790 466 3844 ratas
499 3779 590 3862 ipsas
621 3801 697 3844 cum
730 3781 793 3844 hac
824 3780 1026 3863 Apostolica
1042 3779 1133 3844 Sede
1147 3799 1226 3842 con·
1252 3749 1376 3851 {iiiiii

112 3885 292 3948 ventiones
316 3885 462 3966 graviter
488 3884 625 3966 quidem
654 3885 903 3967 prudenterque
928 3883 1106 3967 appellare.
1129 3882 1225 3946 Talia
1252 3869 1370 3924 deantur,

1252 3931 1378 3996 appellau-

112 3991 272 4054 nimirum
300 4000 334 4052 et
364 3989 558 4052 discrimina
580 3989 697 4052 abesse
726 4001 759 4053 et
783 3991 1019 4054 convenientia
1042 3989 1131 4053 bona
1147 4008 1225 4053 con·
1251 3999 1368 4047 daesunt

110 4095 252 4177 tingere,
268 4113 335 4158 noo
364 4093 500 4156 Polonis
517 4094 768 4170 tantummodo,
786 4094 845 4156 sed
871 4095 999 4157 cunctis
1023 4095 1080 4176 qui
1097 4094 1225 4156 sincera
1251 4069 1401 4178 2²:223}ss

111 4197 269 4280 publicae
297 4197 343 4260 rei
370 4199 510 4262 caritate
537 4200 713 4276 ducantur,
744 4208 877 4280 gratum
910 4217 983 4259 esse
1014 4209 1047 4261 et
1073 4197 1225 4280 optabile
1252 4192 1376 4310 §;gss'm'·

144 4340 166 4374 1.
180 4327 332 4382 Prov.,xx1,
347 4341 367 4374 1.
