3222 4888
315 317 367 366 DE
394 315 545 368 STUDllS
574 315 809 366 SCRIPTURAE
837 313 992 366 sncttAE.
1136 313 1207 384 213

102 469 255 544 consilio,
272 479 317 547 ut,
348 469 443 550 quasi
472 478 672 550 praeparato
697 469 819 545 studi0,
843 469 1003 532 iudicium
1036 467 1208 532 Ecclesiae
1270 476 1340 577 ubl

104 581 290 635 maturetur
304 594 312 650 ;
328 572 360 636 in
378 572 460 636 locis
475 593 554 636 vero
570 573 636 635 iam
648 570 795 636 delinitis
805 583 916 654 potest
933 573 1081 655 privatus
1091 574 1209 636 doctor
1269 589 1341 652 1893·

102 697 211 758 aeque
238 677 407 758 prodesse,
422 677 449 739 si
466 697 525 741 eos
552 676 603 739 vel
631 676 839 739 enucleatius
864 678 954 758 apud
973 675 1121 740 fidelium
1138 677 1208 758 ple·

64 808 66 812 ·
102 780 181 842 bem
212 792 245 844 et
273 781 479 862 ingeniosius
506 781 596 861 apud
625 781 744 844 doctos
771 781 943 858 edisserat,
967 781 1017 844 vel
1046 781 1210 862 insignius

101 883 236 964 evincat
252 885 296 947 ab
311 883 517 948 adversariis.
534 883 749 968 Quapropter
760 885 976 965 praecipuum
989 889 1211 962 sanctumque
1292 906 1385 970 Sisue·

102 987 147 1051 sit
164 989 332 1052 catholico
348 988 531 1070 interpreti,
548 998 585 1052 ut
613 987 671 1052 illa
698 987 893 1070 Scripturae
909 985 1114 1062 testimonia,
1128 1003 1211 1066 quo·
1237 972 1375 1087 222szss

102 1113 177 1155 rum
194 1113 312 1155 sensus
328 1091 522 1156 authentice
539 1091 729 1154 declaratus
740 1099 800 1166 est,
816 1099 874 1153 aut
892 1109 951 1172 per
966 1107 1080 1150 sacros
1097 1095 1211 1150 aucto·
1237 1119 1280 1152 sus
1291 1119 1335 1151 au-

106 1216 168 1272 res,
184 1193 312 1280 Spiritu
329 1195 456 1260 Sancto
472 1193 618 1270 afflante,
634 1197 681 1257 uti
699 1194 814 1258 multis
841 1194 874 1257 in
902 1195 984 1258 locis
999 1195 1077 1256 novi
1095 1193 1212 1256 Testa.
1237 1168 1387 1295 mxl·

105 1301 221 1378 menti,
236 1311 294 1364 aut
311 1319 370 1382 per
386 1299 584 1375 Ecclesiam,
599 1297 719 1362 eodem
734 1298 861 1364 Sancto
878 1299 1063 1362 adsistente
1076 1297 1214 1378 Spiritu,
1238 1299 1307 1347 hunc
1315 1308 1350 1376 ξι·

102 1403 175 1468 sive
188 1403 327 1468 solenni
344 1403 472 1482 iudr'cio,
497 1400 566 1465 sive
595 1402 765 1466 ordinanti
794 1413 826 1466 et
855 1403 1039 1466 universali
1062 1401 1214 1484 magiste-
1234 1371 1387 1493 ffss'lz.

105 1505 157 1566 n'o
172 1503 225 1587 (¹),
240 1506 358 1569 eadem
385 1506 457 1586 ipse
483 1508 612 1571 ratione
639 1508 875 1590 interpretetur
890 1528 898 1585 ἱ
913 1517 1015 1591 atque
1042 1526 1086 1571 θ’(
1119 1507 1213 1571 adiu·
1236 1496 1369 1626 ³²:lequ

107 1611 231 1674 mentis
241 1610 441 1692 disciplinae
457 1631 537 1674 suae
550 1613 737 1689 convincat,
754 1633 829 1676 eam
843 1612 950 1675 solarn
965 1611 1212 1694 interpretatio·
1234 1629 1377 1691 genuerunt

106 1733 195 1790 nem,
211 1713 253 1776 ad
282 1733 384 1777 sanae
408 1711 679 1780 hermeneuticae
706 1713 807 1798 leges,
833 1737 933 1798 posse
955 1725 1044 1780 recte
1069 1715 1210 1798 probari.
1236 1693 1363 1808 ffiss„

110 1817 148 1879 ln
164 1817 284 1881 ceteris
300 1817 456 1899 analogia
473 1816 550 1882 lidei
567 1820 739 1901 sequenda
750 1828 809 1896 est,
825 1829 860 1883 et
870 1819 1023 1884 doctrina
1036 1817 1212 1894 catholica,
1292 1848 1386 1898 Sinon

109 1922 221 2003 qualis
242 1943 286 1985 ex
313 1921 514 1985 auctoritate
532 1921 706 1986 Ecclesiae
722 1930 872 2006 accepta,
888 1933 1063 2004 tamquam
1080 1943 1212 1986 summa
1230 1913 1318 2028 ml
1331 1911 1388 2028 ‘sigi'

105 2047 226 2090 norma
242 2036 293 2090 est
309 2025 502 2090 adhibenda
517 2049 526 2092 :
541 2047 631 2102 nam,
646 2047 749 2110 quum
778 2039 811 2092 et
838 2047 1007 2090 sacrorum
1035 2026 1211 2091 Librorum
1239 2046 1359 2109 inrepre-

105 2139 141 2194 et
170 2131 344 2194 doctrinae
370 2131 460 2211 apud
489 2129 676 2196 Ecclesiam
702 2132 878 2214 depositae
903 2133 992 2196 idem
1026 2133 1069 2195 sit
1096 2141 1214 2196 auctor
1238 2110 1373 2226 lma

109 2235 215 2311 Deus,
230 2234 381 2317 proiecto
409 2233 477 2297 fieri
506 2235 633 2318 nequit,
649 2245 685 2298 ut
714 2255 832 2302 sensus
858 2257 903 2300 ex
919 2235 993 2314 illis,
1009 2237 1066 2320 qui
1083 2237 1126 2300 ab
1150 2237 1213 2300 hac
1238 2241 1342 2290 tlolicae

104 2358 245 2420 quoquo
260 2339 363 2402 modo
389 2339 566 2420 discrepet,
591 2337 742 2421 legitima
769 2323 1044 2422 interpretatione
1070 2350 1214 2406 eruatur.
1239 2321 1354 2356 masona.

106 2443 166 2506 Ex
182 2463 250 2526 quo
265 2451 415 2524 apparet,
430 2462 505 2506 eam
524 2443 834 2526 interpretationem
862 2455 900 2509 ut
925 2445 1075 2528 ineptam
1103 2455 1137 2509 et
1152 2444 1213 2508 lal-

105 2568 180 2610 sam
213 2547 436 2625 reiiciendam,
461 2565 558 2629 quae,
586 2548 638 2610 uel
667 2547 849 2631 inspiratos
876 2559 1029 2614 auctores
1059 2551 1146 2614 inter
1178 2567 1214 2614 se

106 2651 363 2732 quodammodo
390 2661 584 2732 pugnantes
609 2653 722 2732 saciat,
749 2655 801 2717 vel
834 2655 1009 2720 doctrinae
1041 2655 1215 2718 Ecclesiae
1349 2676 1391 2724 sir

105 2756 311 2819 adversetur.
327 2793 371 2806 —
388 2753 500 2818 Huius
516 2755 619 2838 igitur
635 2758 837 2840 disciplinae
854 2760 1015 2840 magister
1035 2757 1099 2822 hac
1111 2759 1213 2822 etiam
1241 2740 1388 2869 ffl-{Z'ss‘

105 2861 209 2924 laude
224 2860 341 2924 floreat
357 2869 498 2942 oportet,
515 2869 553 2923 ut
569 2881 704 2924 omnem
722 2861 929 2944 theologiam
944 2863 1077 2944 egregie
1093 2871 1217 2938 teneat,
1241 2871 1370 2935 theologia,

106 2976 211 3048 atque
227 2965 260 3028 in
277 2965 527 3029 commentariis
543 2976 695 3029 versatus
719 2967 763 3030 sit
780 2966 830 3031 Ss.
851 2967 988 3030 Patrum
1014 2966 1216 3029 Doctorum·
1241 2937 1391 3052 ‘Jffla'f'm

106 3089 175 3151 que
191 3079 225 3132 et
242 3071 460 3150 interpretum
477 3070 696 3151 optimorum.
714 3069 754 3132 Id
783 3089 866 3133 sane
882 3070 1028 3132 inculcat
1049 3067 1217 3149 Hierony·
1243 3067 1392 3144 rrum,ch-

108 3195 185 3238 mus
201 3175 253 3258 (²),
270 3173 483 3257 multumque
510 3175 733 3256 Augustinus,
761 3174 828 3255 qui,
851 3174 939 3237 iusta
967 3192 1043 3237 cum
1073 3173 1217 3254 querela,
1243 3140 1392 3262 misal:

109 3279 184 3348 (Si
215 3298 438 3361 unaquaeque
468 3278 657 3359 disciplina,
688 3277 809 3360 inquit,
839 3295 1046 3360 quamquam
1079 3275 1153 3339 vilis
1185 3283 1218 3337 et
1244 3263 1378 3391 lllluallllr

109 3383 225 3462 facilis,
241 3394 277 3447 ut
295 3383 420 3467 percipi
438 3383 552 3464 possit,
569 3383 743 3446 doctorem
768 3389 827 3444 aut
852 3379 1051 3461 magistrum
1071 3377 1218 3459 requirit,
1245 3395 1333 3443 Patres
1344 3410 1393 3444 mo-

107 3487 191 3572 quid
209 3485 406 3550 temerariae
434 3485 611 3567 superbiae
627 3485 767 3567 plenius,
783 3503 885 3567 quam
900 3483 1090 3547 divinorum
1108 3501 1218 3543 sacra·
1244 3467 1395 3589 mmm,

108 3596 301 3658 mentorum
317 3591 417 3654 libros
428 3591 719 3672 abinterpretibus
730 3591 799 3653 suis
815 3587 903 3652 nolle
913 3605 1116 3668 cognoscere
1126 3583 1185 3666 (³)l
1200 3596 1218 3651 t
1245 3605 1313 3639 mam
1325 3590 1370 3638 la-

112 3699 153 3761 ld
171 3697 280 3777 ipsum
297 3713 430 3758 sensere
456 3704 489 3757 et
517 3693 679 3775 exemplo
705 3691 946 3758 confirmavere
971 3689 1073 3753 ceteri
1093 3689 1220 3764 Patres,
1246 3656 1378 3770 mx*

108 3801 169 3884 qui
181 3815 200 3869 c
211 3800 398 3863 divinarum
414 3797 660 3881 Scripturarum
675 3797 1012 3879 intelligentiam,non
1025 3815 1069 3855 ex
1084 3791 1220 3872 propria
1246 3787 1397 3901 ἕνῇ-3η.

110 3902 397 3988 praesumptione,
423 3903 483 3966 sed
515 3921 560 3965 ex
592 3902 756 3965 maiorum
789 3899 922 3984 scriptis
952 3907 986 3962 et
1017 3896 1217 3960 auctoritate
1247 3918 1398 3966 ninuscon-

110 4009 351 4091 sequebantur,
366 4027 451 4090 quos
467 4016 501 4071 et
517 4007 609 4090 ipsos
625 4027 670 4070 ex
697 4005 882 4087 apostolica
899 3999 1109 4066 successione
1125 3997 1221 4061 intel·
1247 3982 1401 4112 ffflsdqtm

112 4113 240 4195 ligendi
258 4110 408 4192 regulam
426 4110 613 4194 suscepisse
636 4108 816 4173 constabat
832 4107 883 4189 (4).
902 4122 977 4177 )>—
996 4103 1150 4167 lamvero
1172 4099 1223 4165 Ss.
1249 4113 1383 4230 &Ilm

148 4272 167 4302 1.
185 4257 261 4303 Cone.
275 4255 330 4302 Vac
348 4269 408 4305 sess.
419 4265 457 4309 ru,
470 4269 522 4314 esp.
543 4264 582 4306 ιιι,
602 4254 698 4314 deside.
716 4277 745 4287 -
761 4267 781 4298 2.
801 4249 875 4301 laid..
886 4248 908 4300 6,
922 4261 943 4305 7.
961 4270 991 4280 -
1006 4259 1027 4304 3,
1041 4245 1080 4290 Ad
1092 4243 1223 4295 Honoras,
1258 4250 1366 4310 spactant
1374 4258 1385 4302 ;

116 4324 245 4371 Deutilit.
256 4324 329 4376 craea'..
339 4333 406 4377 xvir,
420 4335 455 4382 35.
469 4347 499 4360 -
513 4336 535 4380 4
552 4322 642 4375 Rufin,
655 4321 721 4368 Hirr.
735 4333 789 4373 ecc..
803 4329 830 4370 11.
843 4331 865 4376 9.
