3216 4880
237 1059 331 1144 yffiffl
386 1070 571 1142 sesamae
585 1057 743 1122 ITTERAS
756 1078 775 1120 a
788 1059 883 1120 vobis
899 1059 1069 1141 superiore
1085 1080 1175 1125 anno
1191 1062 1394 1142 accepimus,
1404 1081 1486 1123 com·

247 1148 318 1212 ¹894·
592 1161 701 1224 munis
728 1161 876 1226 laetitiae
902 1165 1058 1246 gratique
1077 1165 1179 1227 animi
1207 1167 1346 1228 nuncias
1367 1165 1411 1227 de
1426 1164 1487 1226 hie·

208 1262 359 1377 carfflffi'
448 1184 517 1338 L
592 1265 718 1330 rarchia
741 1269 831 1362 apud
856 1289 915 1332 vos
939 1269 1040 1351 paulo
1064 1278 1143 1331 ante
1158 1267 1373 1351 amplificata,
1389 1267 1487 1330 altera

232 1345 359 1458 tificekog·

208 1460 358 1573 'ssjm'
386 1475 516 1556 busque
542 1473 791 1556 episcopalibus
818 1483 963 1556 quatuor
989 1475 1198 1539 adiectis-
1225 1474 1279 1538 De
1310 1495 1399 1538 nova
1428 1475 1485 1537 hac
1586 1469 1587 1502 ³

231 1562 360 1666 sanctini
388 1579 605 1662 Apostolicae
622 1577 654 1639 in
671 1589 806 1660 gentem
824 1589 969 1642 vestram
988 1579 1223 1643 sollicitudinis
1246 1577 1487 1661 significatione

207 1653 360 1784 fflssfffi
386 1703 466 1774 sane
482 1682 544 1745 luit
557 1682 762 1762 laetandum.
781 1682 819 1744 In
842 1682 992 1763 pluribus
1020 1682 1190 1746 enimvero
1215 1683 1342 1746 caussis
1369 1683 1485 1764 quibus

243 1787 358 1897 Isrett'tt
385 1808 436 1850 res
466 1785 632 1849 catholica
662 1786 871 1868 aliquantum
904 1782 994 1868 apud
1026 1805 1086 1850 vos
1117 1786 1269 1849 inclinari
1300 1786 1480 1862 videbatur,

206 1859 356 1979 ,1222sz
385 1892 607 1954 recensendus
623 1892 735 1966 etiam,
751 1891 859 1970 impar
875 1891 1091 1972 amplitudini
1116 1891 1261 1972 regionis
1278 1910 1318 1953 ac
1335 1890 1480 1972 frequen·

384 1995 451 2056 tiae
467 1994 660 2070 incolarum,
676 1994 881 2056 Antistitum
909 2014 1077 2057 sacrorum
1107 2015 1274 2060 numerus.
1292 1994 1383 2058 Nam
1410 1997 1484 2058 inde

385 2097 485 2161 tiebat
511 2107 547 2160 ut
565 2097 724 2179 Episcopi
751 2117 816 2158 non
847 2097 913 2172 illa,
928 2116 995 2179 qua
1021 2108 1236 2182 exoptarent,
1252 2099 1426 2180 vigilantia
1450 2100 1478 2159 in
1587 2079 1588 2096 ¹

383 2203 507 2264 clerum
531 2219 734 2282 gregemque
757 2201 921 2263 creditum
947 2201 994 2264 uti
1019 2211 1166 2282 possent,
1190 2211 1261 2264 tum
1293 2201 1337 2264 ad
1361 2202 1482 2263 incom-

383 2307 484 2370 moda
497 2304 732 2388 propulsanda,
745 2314 816 2368 tum
828 2307 870 2367 ad
886 2305 1041 2368 virtutem
1054 2306 1323 2388 dignitatemque
1332 2305 1483 2369 catholici

382 2407 527 2470 nominis
552 2403 811 2487 provehendam.
830 2403 1044 2487 Quapropter
1069 2405 1273 2487 pastoralem
1302 2407 1481 2470 navitatem

381 2519 525 2573 vestram
555 2508 764 2590 probavistis,
783 2528 897 2589 quum,
915 2507 1125 2590 Paulopolim
1153 2509 1333 2590 congressi,
1358 2509 1482 2592 episco-

381 2615 466 2697 palis
481 2611 687 2676 hierarchiae
708 2611 1006 2692 amplificationem
1029 2633 1048 2674 a
1075 2611 1238 2675 Pontifice
1261 2632 1402 2676 romano
1425 2633 1482 2696 po-

536 1371 572 1440 da,
594 1369 748 1433 videlicet
774 1370 1001 1435 ecclesiastica
1027 1373 1182 1435 instituta
1209 1373 1381 1453 provincia
1407 1371 1486 1434 sedi·
1586 1397 1587 1428 r

380 2720 555 2784 stulastis:
584 2719 706 2800 quibus
739 2718 811 2780 Nos
839 2717 1120 2798 postulationibus
1149 2717 1292 2781 libenter
1322 2719 1484 2782 duximus
1588 2745 1589 2760 2

225 2789 354 2915 Eam
380 2823 687 2886 obsecundandum.
705 2859 748 2894 τ-
764 2821 814 2883 At
829 2823 928 2897 enim,
946 2821 1164 2884 Venerabiles
1183 2822 1326 2898 Fratres,
1341 2823 1423 2884 dum
1440 2842 1483 2884 ex

223 2931 288 3031 nmu’dlo
305 2935 352 3031 ’ᾖ
382 2925 567 3007 Episcopis,
577 2943 717 2987 numero
729 2945 829 3005 quam
845 2935 945 2986 antea
958 2924 1117 3005 pluribus,
1131 2925 1176 2986 rei
1190 2925 1392 2988 christianae
1407 2945 1485 3006 spes

218 3018 354 3096 libanium
380 3031 464 3092 nitet
489 3027 600 3091 uberis
626 3027 831 3104 incrementi,
856 3028 888 3091 id
918 3039 1030 3090 tamen
1060 3050 1105 3091 ex
1131 3039 1242 3092 vestro
1270 3029 1481 3110 potissimum

216 3114 353 3227 “zm
378 3133 538 3212 cuiusque
554 3131 668 3193 studio
684 3131 935 3210 expectandum
953 3139 1013 3206 est,
1030 3141 1067 3194 ut
1089 3132 1309 3212 gliscentibus
1333 3131 1482 3212 undique

222 3245 296 3321 male
307 3247 350 3293 nl-
379 3237 475 3300 malis
490 3247 681 3318 opportuna
698 3235 921 3300 adhibeantur
937 3239 1093 3300 remedia.
1113 3237 1214 3301 Hanc
1231 3239 1338 3320 ipsam
1357 3239 1389 3300 in
1408 3257 1483 3317 par·

192 3308 349 3434 palm?
377 3351 445 3404 tem
463 3359 505 3403 ne
528 3340 738 3422 providentia
762 3339 913 3404 caritatis
931 3339 1075 3404 Nostrae
1099 3341 1316 3419 desideretur,
1331 3341 1480 3422 aperien-

376 3451 455 3510 dum
474 3448 665 3511 censuimus
677 3467 768 3528 quae
791 3449 877 3511 curis
902 3448 1020 3510 vestris
1037 3449 1217 3530 praecipue
1240 3448 1481 3512 commendata

376 3553 525 3630 velimus,
541 3551 583 3615 ad
602 3550 678 3614 fidei
695 3553 897 3634 pietatisque
913 3551 1116 3616 christianae
1137 3553 1323 3636 proiectum
1341 3573 1481 3635 magno·

375 3676 462 3736 pere,
479 3665 516 3716 ut
532 3674 714 3735 speramus,
731 3655 834 3717 utilia.

306 3801 350 3849 Ad
419 3758 671 3822 Elaborandum
690 3759 722 3820 in
742 3761 857 3838 primis
881 3769 919 3822 ut
941 3757 1096 3822 homines
1120 3760 1205 3823 sacri
1229 3760 1356 3824 ordinis
1379 3761 1479 3824 disci-

217 3863 346 3914 scentiam
375 3863 473 3944 plinis
493 3863 630 3945 optimis
655 3863 882 3936 instituantur,
900 3862 938 3924 iis
963 3863 1158 3944 praesertim
1183 3865 1304 3946 quibus
1329 3867 1479 3928 maxime

212 3927 347 3990 informen·
719 3967 726 3980 .
880 3967 886 3980 .
1343 3969 1350 3982 .

213 3995 346 4045 „„1„„„·‚
374 3979 422 4030 est
438 3986 532 4048 opus,
549 3977 584 4029 ut
601 3966 801 4030 catholicam
819 3975 993 4030 veritatem
1011 3973 1045 4028 et
1072 3975 1151 4050 apte
1176 3989 1237 4049 pro
1264 3967 1374 4030 officio
1403 3989 1476 4050 pro.

227 4075 270 4108 nes
281 4063 348 4109 sam·
372 4091 497 4153 ponere
513 4081 546 4132 et
562 4081 696 4132 strenue
712 4071 755 4132 ab
770 4067 1081 4153 oppugnationibus
1097 4071 1227 4153 possint
1243 4073 1354 4136 tutari.
1368 4073 1476 4136 Nimis

194 4124 301 4185 arduus,
372 4173 522 4259 quotidie
539 4175 746 4256 expedendo
763 4186 857 4256 patet
868 4173 944 4238 fidei
962 4194 1000 4236 ac
1018 4173 1189 4255 religionis
1205 4176 1416 4258 ignoratione
1431 4177 1475 4240 ibi

372 4279 440 4341 lere
457 4277 600 4358 populos
622 4279 739 4360 premi,
755 4280 811 4342 ubi
838 4278 1026 4342 administri
1053 4297 1222 4342 sacrorum
1247 4290 1475 4344 consentanea
