3216 4880
431 332 504 400 290
643 332 826 386 EPISTOLA
855 321 875 350 ‘¹
895 333 1078 385 urccsnns
1105 333 1131 384 n
1157 309 1316 385 von1s.'’

298 493 404 568 urorum
432 489 567 552 minisse
583 501 726 574 oportet,
742 489 806 554 hoc
823 491 972 553 maxime
989 487 1161 553 Ecclesiae
1178 490 1338 554 interesse
1359 489 1472 573 quales
1492 492 1517 552 in

280 557 405 687 mill?
431 603 563 657 coetum
591 592 851 677 legumlatorem
879 601 1078 674 cooptentur
1106 592 1279 657 homines:
1304 593 1520 677 quamobrem,

252 679 407 802 {7²:222}an
431 701 524 764 salvo
550 699 696 762 civilium
723 698 836 780 legum
864 699 944 774 iure,
959 697 1040 762 eniti
1067 697 1242 762 universos
1266 717 1409 762 necesse
1424 707 1479 774 est,
1493 707 1522 762 ut

283 821 405 896 arrepu-
431 803 515 866 tales
540 800 700 885 suffragio
725 801 896 866 communi
922 801 1057 882 eligant,
1073 799 1130 883 qui
1156 821 1233 864 cum
1251 802 1365 867 studio
1381 801 1522 885 publicae

265 883 407 1014 ἔέζζὶζῖι
432 906 477 972 rei
493 907 642 970 studium
660 905 830 989 religionis
847 905 1025 988 probatum
1054 903 1270 988 coniungant.
1287 905 1328 970 Id
1356 915 1469 970 autem
1492 925 1523 968 eo

254 1013 380 1074 referant.
432 1010 563 1073 eveniet
579 1007 718 1084 felicius,
734 1008 762 1072 si
779 1027 955 1090 supremae
972 1006 1164 1070 auctoritati
1180 1027 1251 1086 gem
1274 1009 1448 1091 publicam
1465 1029 1522 1072 mo·

433 1117 563 1180 deranti
586 1115 784 1199 obsequium
809 1115 931 1197 singuli
956 1112 1115 1190 delerant,
1136 1133 1244 1198 eaque
1266 1117 1446 1180 unanimes
1462 1135 1525 1179 con·

434 1229 629 1302 stantesque
645 1228 897 1302 persequantur,
913 1238 999 1299 quae
1016 1217 1089 1281 Nos
1105 1218 1234 1282 dudum
1252 1219 1285 1280 in
1302 1219 1426 1283 litteris
1442 1237 1525 1298 ency-

434 1323 526 1388 clIcis
542 1325 584 1386 de
601 1322 784 1388 Civitatum
802 1322 1043 1385 constitutione
1059 1321 1242 1385 christiana
1258 1322 1442 1387 ediximus.

308 1482 410 1531 Concor·
479 1427 647 1506 Ceterum,
671 1425 889 1491 Venerabiles
917 1427 1061 1503 Fratres,
1088 1427 1200 1508 vigeat
1227 1427 1260 1490 io
1292 1425 1390 1492 vobis
1423 1427 1529 1489 caritas

257 1547 410 1623 diasoste·
436 1538 622 1601 arctissima
647 1545 680 1600 et
706 1537 894 1600 animorum
921 1536 1108 1612 concordia,
1124 1544 1163 1598 ut
1188 1535 1272 1598 idem
1295 1536 1447 1618 sapiatis,
1463 1556 1529 1598 una·

258 1612 409 1742 fsspfflg}
437 1641 548 1718 nimes,
565 1641 708 1723 idipsum
734 1640 905 1703 sentientes
920 1639 971 1722 (1).
989 1639 1092 1705 Cuius
1117 1640 1163 1702 rei
1191 1641 1300 1722 gratia
1329 1660 1529 1722 summopere

259 1743 409 1806 renrurepi-
437 1740 714 1809 commendamus
731 1753 768 1806 ut
791 1743 877 1806 inter
900 1763 958 1806 vos
975 1742 1166 1825 frequenter
1182 1744 1444 1808 communicetis
1466 1763 1529 1806 con-

267 1809 408 1922 mfsssslssf
437 1847 519 1924 silla,
534 1857 636 1929 atque
652 1845 860 1928 episcopales
884 1855 1078 1920 conventus,
1094 1865 1155 1927 pro
1182 1844 1332 1910 locorum
1360 1845 1530 1910 intervallis

260 1939 411 2052 Rama
438 1953 606 2034 sacrisque
638 1951 784 2014 muueris
815 1948 945 2029 officiis,
976 1949 1109 2031 saepius
1140 1949 1278 2028 iteretis.
1302 1949 1419 2014 Adest
1450 1950 1529 2013 vobis

283 2069 412 2146 episcopis
439 2054 657 2138 Apostolicae
670 2053 767 2119 Sedis
779 2054 938 2135 Legatus,¹
950 2055 1007 2137 qui
1019 2064 1166 2116 mentem
1181 2053 1343 2116 Nostram
1356 2064 1393 2116 et
1409 2053 1531 2117 consilia

295 2149 414 2248 “zm
438 2160 533 2224 vobis
549 2159 693 2240 aperiat;
710 2158 782 2221 Nos
798 2177 885 2233 vero,
896 2177 956 2238 pro
973 2151 1111 2239 paterna
1129 2175 1197 2236 qua
1213 2175 1272 2218 vos
1288 2157 1531 2240 complectimur

262 2265 388 2328 pammac,
439 2263 585 2337 caritate,
601 2263 644 2324 ad
670 2260 841 2323 serendam
869 2261 989 2324 studiis
1016 2261 1134 2323 vestris
1162 2279 1261 2340 opem
1288 2267 1430 2340 paratos
1455 2259 1530 2324 nullo

439 2385 505 2428 non
523 2374 674 2446 tempore
689 2363 831 2425 habetis.

485 2468 687 2534 Caelestium
707 2475 818 2529 autem
836 2465 1000 2528 bonorum
1026 2485 1173 2542 munera,
1190 2465 1278 2528 unde
1303 2465 1348 2529 ad
1378 2464 1530 2549 pastorale

440 2571 585 2638 officium
602 2579 718 2634 sancte
729 2569 912 2651 gerendum
929 2579 1113 2650 suppetant
1124 2569 1219 2643 vires,
1231 2567 1325 2632 Deus
1338 2570 1530 2651 perbenigne

351 2736 356 2746 ,
441 2676 616 2758 largiatur3
632 2691 814 2754 eorumque
824 2673 867 2735 sit
878 2691 1008 2754 auspex
1022 2671 1220 2754 Apostolica
1233 2673 1439 2752 benedictio,
1450 2693 1531 2755 quarn

264 2749 413 2852 ucrudlszllc
441 2783 545 2859 vobis,
560 2779 780 2844 Venerabiles
797 2779 940 2854 Fratres,
956 2778 1044 2841 clero
1061 2777 1262 2860 populisque
1287 2779 1453 2862 cuiusque
1477 2797 1532 2840 ves-

441 2897 527 2950 trum
545 2903 644 2948 curae
661 2883 862 2946 concreditis
878 2891 1091 2962 peramanter
1107 2882 1328 2964 impertimus·

488 2989 615 3052 Datum
635 2989 765 3051 Romae
790 2987 880 3068 apud
898 2985 931 3052 S.
950 2985 1084 3049 Petrum
1112 2988 1167 3050 die
1195 3000 1222 3051 11
1252 2989 1328 3051 Iulii
1347 2999 1529 3053 Mocccxu'

444 3091 663 3157 Pontificatus
681 3090 797 3154 Nostri
814 3109 904 3153 anno
920 3090 1052 3152 decimo
1068 3093 1222 3173 septimo.

1164 3249 1259 3315 LEO
1277 3249 1345 3314 PP.
1362 3249 1464 3313 XIII.

476 3425 495 3457 1.
509 3411 627 3471 philipp..
642 3420 669 3462 ιι,
683 3424 703 3455 2.
