3222 4888
519 431 836 548 nprsron'n

417 653 474 712 Ad
488 652 691 725 Episcopos
708 649 955 707 Paruvrenses

61 795 64 800 ’
199 831 263 889 nn
280 829 438 888 nesus
456 825 843 887 sccunsmsmcrs
858 823 911 882 ΙΝ
929 820 1157 882 pennum.

118 1132 410 1208 mptum
441 1135 627 1198 gravesac
659 1113 861 1196 multiplices
893 1133 998 1188 curas,
1023 1109 1154 1193 quibus,
1185 1127 1230 1170 ex
1294 1129 1373 1216 Ml„

120 1209 145 1282 lh
326 1221 473 1304 supremi
497 1217 724 1300 Apostolatus
756 1236 902 1294 munere,
933 1215 1066 1278 assidue
1092 1213 1230 1276 distine-
1289 1231 1362 1292 1894·

194 1243 224 1403 Ι
272 1207 401 1505 {mur
416 1345 455 1388 ac
471 1325 662 1406 premimur,
687 1323 816 1387 litteras
836 1321 935 1385 officii
965 1321 1081 1403 plenas
1112 1317 1230 1382 libenti
1276 1409 1282 1421 ·
1311 1345 1407 1396 0„„,·„

149 1439 271 1505 ”ruffi
329 1430 442 1492 animo
458 1430 656 1510 accepimus,
668 1447 751 1510 quas
765 1447 834 1503 vos,
850 1423 1069 1488 Venerabiles
1086 1423 1230 1498 Fratres,
1256 1411 1410 1540 mmm

120 1545 197 1615 post
214 1535 398 1596 celebratos
410 1533 444 1594 in
462 1531 610 1594 Limensi
628 1531 711 1595 urbe
725 1539 919 1608 conventus,
936 1531 977 1591 ad
993 1529 1065 1592 Nos
1081 1527 1230 1590 dedistis.
1258 1541 1387 1620 Episcopo-

119 1638 247 1699 —Eas
279 1638 434 1719 equidem
463 1636 682 1718 perlegentes,
706 1655 767 1718 pro
797 1645 946 1716 paterna,
976 1652 1078 1716 quam
1111 1633 1144 1694 in
1171 1651 1230 1695 vos
1258 1608 1392 1656 'mm'

1257 1689 1301 1720 rae
1312 1673 1340 1721 de
1353 1690 1407 1722 corr-

121 1741 302 1804 retinemus
312 1747 517 1821 gentemque
526 1749 683 1816 vestram,
692 1738 841 1815 caritate,
854 1737 1013 1802 delectati
1025 1755 1229 1818 magnopere
1257 1745 1334 1786 venru
1345 1741 1375 1787 ab

121 1865 235 1908 sumus
250 1845 293 1908 de
310 1845 429 1908 iterato
439 1864 519 1924 erga
530 1843 602 1907 Nos
619 1853 652 1908 et
664 1843 751 1907 hanc
764 1843 854 1906 beati
868 1842 956 1906 Petri
971 1841 1094 1906 Sedem
1107 1840 1229 1903 amoris
1256 1805 1408 1919 mm,

120 1943 264 2029 fideique
275 1947 485 2024 testimonio;
501 1948 650 2010 maxime
665 1967 744 2010 vero
760 1946 866 2028 gavisi
876 1947 920 2008 de
935 1945 1092 2008 concordi
1109 1943 1230 2018 studio,
1254 1943 1358 1999 peram.

119 2070 187 2132 quo
204 2051 337 2114 Nostris
354 2051 478 2132 optatis
491 2051 760 2114 obsecundantes
775 2049 922 2113 coivistis
933 2047 1032 2111 simul
1043 2049 1085 2110 ad
1099 2067 1230 2110 summa

120 2153 292 2234 religIonis
308 2155 448 2237 negotia
463 2155 640 2217 tractanda
665 2163 698 2216 et
714 2155 758 2217 ad
776 2173 885 2216 mores
901 2152 1048 2234 optimos
1079 2150 1112 2212 in
1130 2169 1230 2231 grege

120 2257 366 2339 provehendos,
379 2278 479 2340 quem
499 2257 648 2340 Spiritus
664 2256 806 2321 Sanctus
813 2257 926 2338 posuit
940 2277 997 2318 vos
1012 2254 1146 2337 regere(
1166 2251 1186 2334 l.

167 2359 353 2424 Probamus
380 2371 468 2425 certe
495 2362 689 2435 admodum,
710 2359 929 2424 Venerabiles
965 2359 1107 2434 Fratres
1142 2359 1229 2419 hanc

120 2465 442 2546 voluntatem,quae
468 2465 669 2546 pastoralem
701 2485 813 2527 curam
847 2473 990 2528 vestram
1016 2461 1165 2526 ostendit
1192 2470 1228 2523 ut

118 2567 290 2632 commissi
304 2568 399 2631 vobis
417 2565 531 2630 fideles
548 2567 581 2629 in
608 2565 764 2630 catholici
782 2566 926 2629 nominis
942 2565 1132 2627 sinceritate
1156 2582 1227 2644 per-

118 2671 438 2736 sistant-Placet
460 2670 677 2734 nihilominus
701 2691 787 2734 nova
818 2670 920 2734 veluti
945 2668 1153 2732 currentibus
1169 2667 1227 2730 ad·
1297 2711 1407 2774 Em,

118 2777 199 2840 dere
215 2776 441 2851 incitamenta,
458 2784 494 2838 ut
511 2777 551 2838 ed
570 2795 700 2858 nempe,
717 2796 819 2858 quam
836 2776 966 2852 iniistis,
982 2775 1035 2838 via
1052 2781 1228 2857 pergentes
1256 2775 1406 2838 utsrequsn·

118 2879 254 2955 strenui,
270 2888 384 2942 coetus
401 2878 575 2958 eiusmodi,
589 2898 649 2960 pro
666 2899 775 2942 rerum
792 2879 1044 2960 opportunitate
1061 2898 1100 2940 ac
1117 2897 1229 2940 neces·
1255 2841 1367 2968 {532ssssss

118 2985 228 3060 sitate,
248 2983 472 3065 frequentetis.
490 2983 690 3046 Persuasum
707 2983 831 3046 etenim
850 2983 958 3046 Nobis
975 2993 1035 3059 est,
1051 3003 1095 3044 ex
1112 3001 1228 3065 perpe·
1255 2972 1385 3085 {0622}ss

117 3097 179 3150 tuo
209 3085 378 3149 Ecclesiae
407 3105 498 3148 more
525 3105 564 3148 ac
584 3087 761 3162 sententia,
777 3086 867 3167 quod
894 3084 1064 3148 ediximus
1095 3083 1229 3167 pluries,
1252 3053 1380 3166 parilitas.

117 3191 220 3270 longe
233 3189 373 3252 validius
398 3189 558 3251 adversus
582 3188 762 3270 gliscentes
778 3199 812 3250 et
828 3188 1073 3252 invalescentes
1090 3189 1228 3251 circum-

118 3313 252 3377 quaque
278 3313 403 3356 errores
431 3303 618 3374 pugnatum
651 3293 698 3370 iri,
725 3313 764 3355 ac
796 3291 966 3373 religionis
997 3292 1229 3356 sanctissimae

117 3396 305 3462 rationibus
320 3397 467 3459 securius
491 3395 685 3480 firmiusque
711 3409 935 3478 prospectum,
951 3395 988 3471 si,
1003 3395 1134 3459 collatis
1151 3414 1228 3458 con-

118 3499 201 3562 siliis
243 3499 565 3580 communicatisque
604 3500 795 3581 propositis,
833 3517 1001 3561 sacrorum
1046 3498 1230 3561 Antistites

118 3602 245 3666 arctius
261 3601 346 3664 inter
362 3621 397 3672 se
414 3601 604 3683 iungantur.

167 3704 298 3767 Harum
326 3724 405 3767 vero
435 3707 709 3786 congressionum
738 3726 805 3789 quo
835 3705 1014 3786 ampliores
1044 3704 1230 3768 habeantur
1300 3724 1407 3786 Sequen—

119 3807 248 3871 lructus
264 3819 298 3870 et
314 3806 459 3889 largiora
476 3809 554 3870 inde
575 3811 608 3872 in
626 3818 761 3890 gentem
779 3820 924 3872 vestram
948 3808 1128 3871 commoda
1144 3806 1229 3870 deri·
1255 3789 1294 3836 ‘'¹“
1305 3795 1395 3848 ''W‘’

1255 3853 1291 3902 ud
1300 3854 1377 3902 imre·

118 3922 250 3989 ventur,
265 3932 310 3974 ex
327 3911 453 3975 Nostra
471 3913 699 3995 religiosarum
711 3934 830 3988 rerum,
840 3922 877 3976 ut
890 3915 922 3976 in
941 3915 1088 3992 Peruvia,
1102 3914 1230 3989 notitia,
1256 3924 1368 3968 mentum

120 4029 216 4083 etex
240 4018 370 4082 ardenti
397 4040 464 4101 quo
496 4029 649 4084 tenemur
675 4020 851 4097 desideri0,
877 4017 1078 4083 catholicum
1107 4037 1228 4080 nomen
1256 3983 1410 4110 mita„

121 4123 211 4205 apud
229 4143 289 4186 vos
306 4123 444 4186 laetiora
460 4125 494 4186 in
519 4125 590 4188 dies
606 4143 725 4206 capere
742 4125 956 4200 incrementa,
974 4123 1065 4199 libet,
1081 4121 1230 4187 Venere·
1257 4115 1409 4230 mm*

155 4319 175 4350 1.
188 4305 255 4358 Act,
265 4315 310 4356 xx,
323 4307 359 4352 28.
