3222 4888
281 1047 313 1094 ,φ
396 891 686 1170 &thLLUD
716 1021 767 1074 est
795 1013 966 1096 proprium
993 1011 1217 1076 humanarum
1253 1013 1501 1078 institutionum
1585 989 1586 1012 l

257 1091 331 1210 {59²2
556 1103 638 1178 llet
655 1113 778 1196 legum,
795 1123 831 1179 ut
848 1115 929 1178 nihil
953 1117 987 1179 in
1013 1117 1060 1178 eis
1085 1117 1128 1180 sit
1155 1127 1224 1180 tam
1251 1117 1379 1181 bonum
1407 1129 1505 1200 atque
1586 1191 1587 1198 χ

293 1262 370 1327 Saepe
475 1135 503 1294 Ι
556 1175 685 1318 *utile
687 1220 800 1301 ,quod
822 1219 874 1284 vel
899 1221 1108 1284 consuetudo
1125 1239 1191 1282 non
1217 1230 1335 1298 mutet,
1352 1222 1405 1286 vel
1422 1231 1505 1286 tem
1586 1199 1587 1226 ³

240 1327 371 1377 visasunt
432 1250 580 1396 mag
604 1308 686 1404 pora
707 1343 773 1385 non
792 1323 968 1402 invertant,
984 1324 1036 1387 vel
1063 1343 1172 1388 mores
1195 1345 1261 1388 non
1279 1339 1504 1409 corrumpant.

228 1393 369 1508 limi-¹„
397 1427 479 1492 Sic
469 1445 502 1488 rn
520 1425 678 1490 militanti
697 1425 849 1490 Ecclesia
872 1425 971 1506 Dei,'
962 1447 994 1491 rn
1017 1449 1084 1512 qua
1111 1448 1187 1492 cum
1205 1429 1361 1493 absoluta
1378 1451 1418 1493 ac
1435 1451 1505 1513 per·
1587 1427 1588 1440 ¹

247 1523 368 1636 aperius
396 1539 498 1613 petua
510 1529 784 1594 immutabilitate
800 1531 975 1596 doctrinae
991 1533 1134 1596 varietas
1151 1532 1350 1615 disciplinae
1367 1534 1504 1597 coniun-

242 1603 370 1718 mim
396 1635 493 1716 gitur,
510 1653 577 1696 non
596 1654 670 1697 raro
687 1635 797 1698 evenit
809 1645 854 1714 ut,
865 1655 951 1718 quae
967 1636 1074 1700 olim
1065 1657 1136 1700 rure
1153 1639 1341 1721 meritoque
1352 1637 1387 1701 in
1398 1638 1504 1701 hono-

217 1719 295 1768 abire.
396 1757 431 1800 re
449 1748 483 1799 et
503 1737 535 1799 in
559 1737 667 1820 pretio
683 1738 904 1816 habebantur,
920 1739 1102 1823 aliquando
1125 1741 1350 1818 obsolescant,
1365 1752 1401 1804 et
1417 1761 1502 1824 quae

396 1843 542 1906 bonam
571 1843 726 1905 instituto
756 1853 860 1920 erant,
876 1865 915 1908 ea
942 1843 1057 1910 labens
1073 1855 1167 1910 aetas
1198 1845 1298 1910 iaciat
1329 1848 1502 1910 deteriora.

219 1941 370 2058 mim?
398 1945 469 2012 Sub
485 1947 592 2028 prima
612 1945 783 2010 Ecclesiae
799 1948 949 2023 exordia,
965 1969 1042 2010 curn
1060 1967 1175 2011 sensus
1192 1949 1368 2016 christiin
1398 1950 1503 2012 homi·

264 2073 371 2136 lagiain
397 2071 477 2114 num
507 2059 619 2114 mente
646 2049 769 2114 arctius
801 2052 978 2132 insidebat,
1005 2052 1204 2134 Episcopus,
1221 2053 1342 2134 quibus
1371 2073 1503 2115 summa
1590 2107 1591 2114 ,

219 2138 371 2252 mwmsj·
397 2175 505 2217 rerum
519 2153 742 2236 gerendarum
759 2157 939 2220 commissa
956 2166 1037 2234 erat,
1053 2156 1204 2220 delectos
1221 2156 1426 2222 Sacerdotes
1443 2155 1503 2218 sibi

218 2269 272 2318 rint
283 2269 370 2318 Ponti·
397 2257 692 2323 sociosaddidisse
714 2260 895 2322 memoriae
922 2261 1083 2324 traditum
1111 2269 1171 2334 est,
1194 2279 1336 2341 quorum
1365 2258 1503 2322 consilio

240 2333 313 2397 sm
300 2341 370 2398 expe
397 2374 431 2426 et
449 2362 635 2426 ministerio
648 2361 680 2424 in
697 2363 905 2443 gravioribus
917 2363 1090 2426 Ecclesiae
1106 2364 1250 2446 negotrrs
1261 2371 1444 2426 uterentur
1458 2361 1502 2424 Hi

260 2464 373 2578 „02:22
399 2465 609 2542 Sacerdotes,
624 2464 824 2528 Assessores
839 2473 874 2528 et
889 2483 984 2546 quasr
977 2463 1159 2546 Episcopi
1174 2462 1330 2539 Senatus,
1343 2461 1503 2526 Canonici
1592 2549 1593 2566 χ

221 2593 372 2659 vimexpm.
399 2570 479 2634 dicti
496 2577 583 2647 sunt,
599 2589 644 2630 ex
660 2590 700 2631 eo
724 2567 803 2652 quia
823 2567 855 2630 in
873 2567 1091 2631 observandis
1122 2569 1245 2651 regulis
1272 2568 1503 2632 ecelesiasticis

220 2659 372 2774 mm,
399 2675 564 2738 cautiores
580 2681 614 2736 et
636 2671 866 2753 diligentiores
891 2681 986 2734 erant
1013 2673 1141 2748 ceteris,
1157 2683 1191 2736 et
1207 2692 1280 2736 eam
1297 2674 1401 2736 vitam
1419 2673 1503 2734 vive·

221 2804 299 2838 vana
317 2807 372 2838 mu·
399 2777 491 2853 bant,
515 2786 551 2840 ut
577 2795 768 2839 mensuram
796 2775 941 2839 nominis
974 2775 1161 2856 implerent
1184 2774 1414 2858 Quamobrem
1444 2794 1502 2856 pro

235 2869 300 2904 Mra
310 2869 373 2905 7660·

222 2921 263 2971 lit.
399 2892 490 2945 certo
506 2879 699 2945 habendum
714 2889 764 2944 est
781 2881 824 2943 ad
846 2881 1109 2944 conservandam
1127 2882 1389 2945 ecclesiasticam
1406 2880 1503 2943 disci·

400 2983 537 3067 plinam,
550 2985 796 3050 Canonicorum
813 2983 997 3065 dignitates
1010 2985 1053 3049 ab
1066 2985 1162 3048 initio
1179 2984 1282 3049 luisse
1304 2986 1503 3050 constitutas

400 3090 456 3166 ita,
473 3098 508 3153 ut
524 3089 581 3171 qui
598 3108 654 3152 eas
670 3088 846 3166 obtineret,
862 3087 895 3150 id
913 3087 1051 3152 haberet
1063 3090 1184 3166 oneris,
1200 3099 1237 3154 ut
1263 3109 1366 3174 opera
1382 3099 1415 3152 et
1430 3085 1503 3150 offi-

400 3193 459 3258 ciis
484 3195 657 3258 adiuvaret
675 3191 893 3273 Episcopum,
909 3203 944 3255 et
960 3194 992 3255 in
1018 3193 1057 3255 iis
1073 3213 1160 3274 quae
1182 3194 1350 3275 pertinent
1367 3195 1410 3256 ad
1437 3191 1503 3254 cul·

271 3335 374 3387 N„„,·,
400 3309 471 3363 tum
489 3299 574 3362 etad
593 3315 712 3372 mores,
731 3315 804 3360 sese
817 3305 991 3378 tamquam
1009 3299 1184 3380 exemplar
1200 3298 1326 3362 clericis
1343 3297 1502 3360 inferiori-

222 3402 375 3465 temporibus
400 3405 462 3469 bus
486 3401 680 3484 impertiret.
695 3399 745 3464 At
770 3401 979 3482 temporibus
1006 3401 1129 3464 nostris
1155 3402 1305 3464 nonnulli
1333 3411 1421 3478 sunt,
1446 3399 1501 3480 qui

238 3468 376 3583 3³:252,
400 3507 560 3590 pristinae
591 3503 811 3566 institutionis
842 3503 1066 3581 immemores,
1083 3502 1329 3568 Canonicorum
1361 3503 1501 3583 collegia

236 3596 373 3740 fimf}
399 3621 573 3692 tamquam
597 3607 837 3671 honoratorum
864 3607 998 3670 ordines
1025 3627 1097 3671 esse
1121 3617 1308 3685 autumant,
1324 3609 1357 3669 in
1383 3607 1502 3688 quibus

221 3727 304 3776 auara·
314 3729 372 3777 nut-
400 3715 527 3780 nullum
544 3733 638 3790 onus,
654 3713 711 3776 sed
726 3712 901 3794 dignitatis
919 3723 1049 3776 tantum
1067 3723 1100 3777 et
1117 3713 1252 3778 honoris
1275 3713 1365 3778 tituli
1389 3713 1501 3777 inhae-

242 3793 373 3907 Ιᾜᾜ
399 3829 501 3884 reant.
516 3819 572 3882 Ex
589 3837 656 3900 quo
669 3816 706 3879 fit
719 3827 765 3896 ut,
776 3837 852 3880 cum
866 3817 1050 3881 humanum
1065 3817 1108 3881 sit
1121 3839 1205 3881 onus
1221 3817 1388 3900 defugere,
1399 3817 1502 3880 hono

212 3923 345 3988 1³¹⁸ch
399 3944 450 3988 res
466 3932 501 3986 et
517 3923 699 4004 dignitates
724 3931 894 4004 appetere,
911 3941 976 3984 non
995 3941 1116 4004 parvus
1133 3923 1175 3985 sit
1201 3942 1360 3985 numerus
1376 3941 1500 3998 eorum,

252 4003 372 4103 ,m
397 4047 453 4111 qur
446 4028 635 4103 studeant,
641 4025 759 4088 saltem
771 4025 908 4089 honoris
919 4045 1046 4102 caussa,
1051 4025 1331 4090 interCanonicos
1344 4025 1501 4108 cooptari.

252 4123 372 4234 ‘5⁸2ng
397 4133 528 4198 Multae
553 4131 688 4213 quidem
706 4151 745 4192 ac
773 4129 893 4212 plenae
917 4131 1123 4212 querelarum
1141 4132 1240 4194 datae
1265 4143 1346 4196 sunt
1362 4133 1404 4194 ad
1430 4129 1501 4193 Nos

246 4255 295 4300 rem
306 4249 372 4300 decer
397 4234 531 4300 litterae
546 4233 589 4296 ab
608 4231 796 4315 Episcopis,
811 4233 867 4313 qui
885 4251 984 4313 aegre
1000 4231 1109 4294 lerunt
1131 4232 1314 4295 honoribus
1339 4245 1374 4296 et
1390 4231 1498 4315 digni-
