3216 4880
438 271 566 321 ¹INDEX
593 269 845 322 ANALYTICUS.
1130 269 1201 343 317

95 444 157 480 rum
171 425 303 496 opificum
317 419 596 493 peregrinationesin
613 421 721 476 Urbem
731 435 772 473 21.
787 450 821 458 -
842 421 906 474 Hoc
920 437 996 475 anno
1008 420 1202 492 frequentissi-

96 529 172 566 mum
189 527 294 580 agmen
312 509 432 564 audacia
450 508 601 576 impiorum
614 507 777 562 lacessitum
787 507 875 562 fuisse
886 509 1016 564 Pontifex
1024 508 1101 564 dolet
1115 523 1157 564 21.
1168 539 1203 550 -—

96 601 210 654 Gratias
223 599 282 668 agit
295 608 322 652 et
335 598 435 651 laudes
448 595 675 650 emInentIssimo
692 595 817 664 praesuli
837 605 865 650 et
883 595 917 650 iis
934 597 1068 652 omnibus
1080 598 1128 668 qui
1149 599 1201 654 has

95 685 337 756 peregrinationes
349 691 537 753 susceperunt
549 681 891 752 promovendas,illosque
902 683 1068 738 adhortatur
1077 695 1106 738 ut
1119 685 1202 740 enixe

95 767 260 828 incumbant
274 771 408 841 opificum
424 767 517 823 ordini
531 768 688 824 excolendo
701 777 728 822 et
739 767 876 837 juvando,
890 785 995 838 magno
1008 770 1097 839 ipsius
1110 771 1200 841 reipu-

93 861 185 916 blicae
198 862 392 916 emolumento
401 855 490 912 aina.

128 998 157 1048 5.
175 993 394 1045 LITTERAE
409 990 701 1041 APOSTOLICAE
714 991 840 1052 quibus
855 991 1031 1053 collegium
1046 993 1112 1042 ole-

91 1087 169 1134 rieis
193 1083 400 1134 Maronltiois
422 1078 636 1130 instituendis
660 1080 695 1126 In
716 1077 803 1128 Urbe
828 1079 1050 1128 constituitur.
1079 1105 1114 1114 -

90 1170 368 1223 30Nov.l89l....
1045 1178 1109 1232 pag.
1168 1179 1202 1233 ²3

127 1294 286 1366 Hospitalis
299 1295 401 1348 domus
418 1309 435 1346 a
456 1290 595 1360 Gregorio
614 1291 689 1344 XIII
705 1290 742 1344 ad
755 1289 921 1360 peregrinos
937 1289 1096 1344 Maronitas
1109 1291 1199 1348 susci-

90 1384 211 1454 piendos
232 1385 301 1437 olim
322 1393 425 1448 erecta,
448 1382 485 1435 ab
508 1380 571 1449 ipso
594 1395 659 1432 mox
685 1395 823 1434 conversa
845 1388 888 1433 est
914 1379 942 1431 in
967 1379 1066 1434 sedem
1089 1380 1201 1450 collegii

91 1473 310 1539 Maronitarum,
331 1488 382 1540 per
410 1471 467 1524 duo
496 1469 564 1524 inde
591 1469 707 1522 saecula
734 1467 920 1534 celeberrimi,
945 1467 1075 1524 adversis
1100 1479 1197 1524 autem

89 1560 266 1632 temporibus
279 1559 316 1614 ad
329 1559 401 1614 alios
414 1557 543 1613 translati
559 1571 649 1624 23-24.
662 1585 698 1596 ·-
713 1556 807 1610 Multo
818 1556 878 1625 jam
898 1565 1027 1625 tempore
1048 1556 1199 1626 collegium

89 1659 251 1704 restaurare
267 1649 410 1702 desiderat
431 1645 568 1711 Pontifex,
581 1646 720 1715 impulsus
733 1643 940 1712 benignissimo
954 1646 982 1698 In
999 1656 1115 1713 gentem
1133 1645 1199 1700 fidei

89 1737 249 1793 catholicae
270 1735 483 1790 tenacissimam
504 1735 610 1800 animo,
632 1733 820 1801 precibusque
840 1733 994 1786 obsecutus
1015 1733 1199 1790 Patriarchae

89 1821 338 1894 atqueantistitum
347 1821 759 1886 Maronitarumaa-Horum
768 1818 938 1874 industriam
947 1819 1200 1876 insubsidiiscom-

87 1909 225 1980 parandis
243 1908 378 1979 adjuvare
391 1907 518 1980 cupiens,
531 1908 630 1962 sedem
642 1907 804 1975 designabit
818 1905 846 1960 In
867 1907 947 1960 Urbe
967 1907 1087 1976 collegio
1112 1907 1198 1977 aptis·

86 1999 202 2065 simam,
210 1999 351 2067 plenoque
360 1997 424 2066 jure
438 1995 491 2066 ipsi
505 1997 533 2048 ln
548 2006 717 2065 perpetuum
730 1994 941 2050 attribuendam
956 2009 997 2061 24.
1012 2025 1046 2035 -
1060 1995 1200 2065 Suprema

84 2103 139 2140 sua
164 2083 334 2139 auctoritate
359 2083 566 2136 Maronitarum
579 2081 730 2150 collegium
743 2083 772 2135 in
794 2082 874 2136 Urbe
896 2082 1113 2150 restituit,leges
1133 2081 1199 2136 defi·
1294 2111 1296 2115 ·

87 2174 130 2228 nit
150 2173 254 2244 quibus
275 2172 383 2242 optIme
402 2181 524 2240 regatur,
538 2170 787 2241 praesentiumque
804 2169 962 2226 litterarum
981 2170 1038 2224 vim
1057 2187 1091 2225 ac
1114 2170 1199 2224 firmi-

86 2269 178 2314 tatem
188 2258 314 2313 vindicat
328 2273 342 2310 2
347 2258 419 2326 5-26.
904 2253 910 2266 '

120 2391 577 2444 e.A1.1.octJT10ans.R.E.
589 2390 875 2442 Cardinalese—Id
890 2391 1127 2458 Deo.1891.pag.
1165 2403 1198 2456 27

122 2518 211 2572 Dolet
227 2516 355 2571 Pontifex
369 2517 539 2585 sacrilegum
552 2533 616 2570 cum
630 2516 762 2571 Ecclesia
775 2526 919 2572 certamen
941 2516 969 2571 in
989 2517 1051 2572 dies
1070 2517 1197 2588 ingrave-

84 2605 176 2670 scere,
190 2605 259 2658 dum
271 2603 319 2658 alii
340 2603 432 2673 ipsam
445 2604 594 2674 propalam
615 2603 794 2672 impugnant,
808 2603 856 2657 alil
876 2620 927 2672 per
945 2605 1088 2658 occultum
1107 2619 1149 2670 27.
1163 2634 1196 2644 -

83 2692 131 2745 Ad
152 2700 278 2745 mentem
300 2702 414 2745 revocat
436 2691 593 2760 peregrinIs
612 2691 642 2744 in
662 2691 774 2745 Urbem
787 2691 948 2760 congressis
962 2692 1056 2746 illatas
1070 2692 1197 2763 injurias

82 2797 209 2850 seseque
222 2779 314 2848 ipsum
328 2779 464 2834 conviciis
477 2797 511 2835 ac
525 2779 611 2834 minis
624 2779 739 2848 publice
760 2779 847 2834 fuisse
867 2779 1041 2835 lacessitum.
1061 2781 1197 2852 Proponit

81 2871 186 2923 hostes
196 2868 256 2937 jam
270 2877 368 2937 aperte
380 2866 432 2922 niti
442 2877 471 2920 ut
486 2866 591 2921 Christi
602 2866 718 2921 Vicario
728 2884 786 2922 non
800 2868 892 2937 magis
903 2885 989 2937 quam
999 2869 1111 2937 privato
1119 2871 1197 2925 cuili-

81 2960 132 3014 bet
145 2956 226 3024 leges
239 2955 460 3024 patrocinentur,
470 2953 528 3008 imo
546 2963 576 3008 ut
596 2953 777 3026 pontificatus
797 2955 859 3026 ipse
873 2956 916 3009 vel
929 2955 956 3009 vi
970 2955 1110 3024 adhibita,
1123 2959 1195 3028 peri-

80 3053 181 3098 matur
201 3055 243 3108 27.
254 3069 289 3079 -
301 3042 430 3096 Alterum
443 3057 507 3096 esse
520 3039 699 3094 Inimicorum
718 3057 808 3110 genus
830 3041 955 3095 ostendit
976 3043 1196 3112 praeferentium

80 3131 324 3197 moderationem,
337 3131 405 3184 dum
418 3131 529 3185 occulte
542 3129 570 3182 in
584 3130 717 3185 eumdem
731 3129 817 3185 finem
831 3129 960 3184 tendunt·
974 3130 1013 3183 Ili
1036 3132 1113 3185 enlm
1127 3133 1195 3188 dum

81 3216 183 3270 sinunt
201 3214 265 3268 illos
278 3214 307 3268 in
322 3214 481 3268 Ecclesiam
495 3212 628 3281 grassari,
644 3211 811 3267 Pontificem
831 3229 980 3266 romanum
993 3215 1154 3284 producunt
1166 3227 1195 3270 ut

79 3304 171 3359 rebus
191 3301 295 3356 italicis
314 3299 463 3356 minaciter
481 3299 693 3364 imminentem3
709 3299 791 3354 Sedis
808 3299 983 3369 apostolicae
1008 3300 1196 3358 incolumitati

81 3389 257 3443 verbotenus
271 3403 322 3456 per
334 3388 412 3456 leges
425 3387 576 3442 consulunt
589 3406 596 3451 ;
619 3386 680 3455 ejus
693 3396 789 3440 autem
804 3386 917 3442 divinae
931 3388 1091 3443 auctoritati
1105 3387 1195 3442 omni·

78 3476 172 3530 modo
192 3473 341 3529 obsistunt.
368 3475 403 3528 Vi
425 3476 496 3545 Iegis
519 3475 590 3530 liber
613 3485 690 3542 patet
708 3475 729 3528 F
733 3475 854 3530 idelibus
876 3475 912 3528 ad
935 3491 1079 3529 summum
1095 3476 1194 3531 Pasto-

77 3561 458 3631 remaditus‚astinsolentia
467 3565 560 3632 plebis
570 3563 895 3633 praecluditura7·28.-
903 3565 1027 3618 Causam
1036 3565 1195 3621 increscen-

77 3653 117 3707 tis
138 3650 246 3704 recenti
260 3660 388 3719 tempore
401 3651 526 3704 hostium
539 3651 640 3705 furoris
654 3669 712 3706 non
726 3651 754 3704 iri
767 3667 802 3706 eo
816 3649 1017 3704 inveniendam
1030 3650 1098 3704 dicit
1118 3653 1195 3722 quod

77 3740 151 3794 inde
164 3739 202 3791 ab
222 3737 302 3791 initio
321 3738 506 3792 Pontificatus
526 3739 680 3794 vindicavit
699 3739 861 3794 libertatem
881 3755 962 3792 suam
984 3750 1070 3809 atque
1085 3739 1150 3810 jura
1165 3741 1193 3796 S.

78 3827 170 3884 Sedis
183 3843 234 3896 per
247 3843 320 3898 quae
333 3827 377 3882 vel
390 3839 510 3897 augetur
523 3829 600 3883 salus
616 3829 733 3884 Italicae
746 3828 841 3899 gentis
855 3849 861 3892 ;
873 3829 923 3882 sed
937 3828 965 3882 in
979 3829 1034 3882 hoc
1048 3846 1112 3883 esse
1120 3831 1194 3906 posi·

77 3927 142 3970 tarn
153 3915 230 3984 quod
242 3915 386 3984 superiore
394 3915 611 3971 annorevelavit
621 3933 773 3986 pravarum
783 3926 1194 3988 sectarumarcanaearumque

76 3999 232 4058 molimina
245 4002 273 4054 in
285 4001 463 4071 Religionem
477 4005 616 4074 sacrilega
632 4015 659 4060 et
679 4005 734 4074 ipsi
748 4006 787 4059 rei
799 4004 873 4058 civili
888 4004 1089 4059 exitiosissIma
1103 4007 1192 4075 28-29.

75 4121 114 4131 -
129 4091 197 4159 Quo
212 4090 248 4144 de
270 4091 394 4160 periculo
408 4092 522 4162 regibus
545 4093 777 4164 principibusque
794 4093 957 4160 admonitis,
971 4093 1134 4149 Catholicos
1156 4096 1193 4151 ad

75 4181 191 4234 bonum
204 4189 349 4234 certamen
362 4180 443 4236 enixe
456 4181 624 4238 adhortatur
636 4197 677 4250 29·
698 4211 727 4221 -
745 4183 811 4235 Duo
825 4182 890 4235 novi
911 4181 1077 4237 Cardinales
1096 4200 1192 4238 crean-

75 4277 126 4320 tur
144 4278 188 4332 30.
