3216 4880
213 2693 215 2698 '
308 2702 347 2735 rer
358 2689 427 2735 inter

443 294 514 382 278
600 313 780 364 sersaoni
806 313 1039 364 naosronrca
1067 299 1088 327 “
1109 312 1342 365 ruascnaaa.
1365 285 1383 315 ”

440 460 533 524 sione
558 470 751 536 avexerant,
778 459 905 544 nullam
931 458 997 521 lere
1014 458 1191 522 formulam
1208 456 1287 522 fidei
1302 467 1431 522 certam
1448 467 1537 539 atque

293 636 298 646 ¹
440 564 638 628 auctoritate
669 563 856 645 praeditam
883 563 972 643 apud
999 563 1090 644 ipsos
1118 581 1302 645 superesse.
1333 559 1446 624 lmmo
1471 579 1538 623 vero

286 639 415 763 miri,
440 667 517 731 illuc
542 670 609 732 iam
636 670 827 744 deventum,
842 676 880 730 ut
897 667 994 730 multi
1011 686 1077 732 non
1095 675 1272 730 vereantur
1288 665 1537 730 fundamentum

264 765 355 880 mg
356 766 416 881 :121¹
440 771 548 852 ipsum
574 773 767 848 convellere,
794 773 826 835 in
851 792 918 854 quo
933 771 1050 854 religio
1065 780 1138 835 tota
1154 781 1189 834 et
1204 791 1281 852 spes
1297 770 1410 834 ornnis
1428 779 1541 834 morta·

264 897 369 956 vinitas,
394 903 418 946 er
441 873 522 937 lium
539 876 635 938 unice
652 877 777 952 nititur,
793 875 882 956 quod
895 883 946 939 est
958 875 1072 938 divina
1085 873 1173 939 lusu
1188 873 1346 939 CHRISTI
1361 872 1543 939 Seruatorls

265 963 416 1092 ffl'ffi
442 987 570 1042 natura.
581 977 715 1052 Pariter,
727 999 812 1060 quos
824 988 924 1042 antea
936 979 1013 1042 novi
1025 980 1214 1060 veterisque
1224 977 1440 1041 Testamenti
1451 976 1543 1038 libros

265 1109 317 1142 ras.
443 1078 655 1145 affirmabant
670 1081 785 1145 divino
801 1079 916 1144 afflatu
933 1081 1148 1164 conscriptos,
1164 1081 1212 1144 eis
1229 1099 1317 1144 nunc
1332 1079 1440 1142 talem
1453 1079 1545 1142 abne·

443 1195 525 1268 gant
540 1187 774 1251 auctoritatem
789 1209 795 1250 :
811 1187 902 1269 quod
919 1207 1009 1264 sane,
1026 1188 1106 1251 data
1122 1185 1259 1250 cuilibet
1269 1193 1444 1266 potestate
1456 1183 1546 1245 inter-

443 1291 597 1371 pretandi
624 1311 723 1356 sensu
749 1290 939 1372 iudicioque
966 1309 1036 1366 suo,
1062 1291 1201 1354 omnino
1226 1287 1385 1370 consequi
1411 1295 1485 1350 erat
1499 1306 1547 1348 ne·

300 1411 419 1461 intanta
444 1413 543 1460 cesse.
559 1433 602 1444 -
620 1395 710 1460 Hinc
726 1415 786 1458 sua
802 1396 962 1478 cuiusque
978 1393 1193 1470 conscientia,
1208 1393 1280 1456 sola
1296 1393 1368 1456 dux
1384 1401 1422 1455 et
1438 1409 1548 1454 norma

266 1483 419 1592 jmffi'}
445 1499 541 1575 vitae,
568 1499 717 1581 qualibet
741 1501 807 1564 alia
834 1499 956 1563 reiecta
979 1499 1101 1582 agendi
1118 1498 1252 1580 regula:
1269 1497 1347 1560 hinc
1363 1504 1547 1579 pugnantes

279 1609 364 1658 cordia
373 1623 419 1684 seq·
445 1603 532 1666 inter
547 1623 582 1665 se
592 1603 766 1683 opiniones
778 1613 812 1666 et
824 1613 936 1666 sectae
950 1601 1161 1684 multiplices,
1174 1601 1381 1682 eaedemque
1394 1619 1548 1682 persaepe

268 1682 308 1724 ‘a‘
318 1674 422 1798 im,
447 1708 480 1770 in
504 1706 721 1771 naturalismi
734 1717 791 1770 aut
808 1706 1035 1770 rationalismi
1049 1705 1174 1788 placita
1189 1707 1362 1768 abeuntes.
1378 1703 1549 1786 Quocirca

307 1803 423 1918 {am}
446 1815 624 1894 desperato
640 1813 880 1876 sententiarum
896 1831 1070 1889 consensu,
1087 1812 1152 1876 iam
1170 1810 1448 1874 coniunctionem
1463 1827 1548 1891 prae·

284 1936 421 2000 conjuncti·
447 1917 561 1981 dicant
587 1930 620 1981 et
644 1919 885 1982 commendant
912 1917 1077 1982 fraternae
1103 1917 1261 1980 caritatis.
1289 1915 1407 1996 Atque
1423 1915 1458 1978 id
1477 1933 1549 1976 sane
1595 1959 1596 1966 ,

447 2041 545 2086 vere:
561 2021 835 2104 quandoquidem
852 2023 991 2086 caritate
1008 2031 1124 2086 mutua
1140 2019 1310 2082 coniuncti
1323 2038 1398 2081 esse
1411 2018 1549 2081 universi

271 2015 423 2064 omnnqrure

270 2067 371 2130 quidem
382 2066 421 2114 r'n·

337 2137 423 2180 tereos
448 2123 618 2186 debemus.
653 2124 693 2188 Id
723 2126 812 2188 enim
841 2127 990 2189 maxime
1019 2125 1128 2189 IESUS
1157 2123 1350 2188 CHRISTUS
1377 2121 1550 2203 praecepit

294 2202 423 2311 eumz
448 2235 549 2308 atque
575 2227 661 2289 hanc
687 2227 793 2291 voluit
816 2247 888 2292 esse
904 2239 1106 2293 sectatorum
1123 2246 1259 2291 suorum
1276 2235 1403 2300 notam,
1419 2225 1550 2305 diligere

270 2333 426 2456 {2532}ssss
448 2333 536 2451 inter
551 2352 596 2396 se.
612 2331 738 2395 Verum
756 2335 813 2414 qul
832 2342 946 2414 potest
958 2331 1118 2415 copulare
1128 2333 1258 2394 animos
1270 2329 1420 2412 perfecta
1430 2329 1553 2400 caritas,

274 2463 354 2506 „m
370 2473 423 2506 con·
449 2457 477 2499 sr
503 2436 685 2499 concordes
714 2447 843 2500 mentes
861 2457 927 2502 non
945 2435 1092 2502 effecerit
1109 2435 1215 2500 fides?
1230 2473 1275 2484 —-
1292 2434 1357 2498 His
1374 2437 1418 2499 de
1434 2433 1552 2498 caussis

272 2523 361 2572 mi·
450 2543 638 2624 complures
665 2563 779 2604 eorum
797 2543 839 2606 de
855 2543 978 2625 quibus
994 2541 1170 2626 loquimur,
1186 2560 1269 2603 sano
1285 2539 1422 2616 iudicio,
1439 2538 1551 2601 verita·

308 2621 423 2684 cmp‘u‘
449 2648 559 2730 tisque
584 2647 734 2724 studiosi,
759 2657 883 2711 certam
912 2648 1027 2712 salutis
1054 2648 1142 2711 viam
1166 2647 1200 2710 in
1223 2645 1375 2709 Ecclesia
1390 2641 1554 2708 catholica

272 2751 424 2866 mist?
450 2751 651 2834 quaesivere,
676 2771 753 2814 cum
779 2750 878 2833 plane
905 2751 1128 2836 intelligerent
1156 2769 1371 2833 nequaquam
1400 2769 1437 2812 se
1463 2765 1554 2830 posse
1594 2821 1595 2884 p

288 2889 374 2932 tarum
386 2881 424 2931 dr·-
450 2875 527 2919 cum
547 2855 633 2920 lESU
650 2855 820 2920 CHRISTO
836 2865 1009 2938 tamquam
1026 2857 1137 2939 capite
1152 2876 1225 2919 esse
1241 2855 1452 2932 coniunctos,
1467 2853 1552 2915 cuius

283 2949 425 3062 „3:12³ssss
451 2980 517 3023 non
546 2960 821 3024 adhaerescerent
846 2961 985 3043 corpori,
1012 2961 1101 3043 quod
1119 2970 1170 3025 est
1187 2959 1358 3025 Ecclesia:
1376 2977 1439 3022 nec
1456 2959 1552 3021 since·

288 3077 424 3128 Ecclesiam
451 3081 521 3124 ram
549 3061 671 3125 Christi
699 3059 799 3124 fidem
825 3061 974 3143 adipisci,
1000 3063 1094 3126 cuius
1112 3061 1342 3144 magisterium
1360 3061 1552 3142 legitimum.

272 3157 426 3260 samm
453 3163 551 3226 Petro
577 3175 611 3228 et
635 3167 879 3228 successoribus
905 3167 1075 3243 traditum,
1100 3165 1325 3249 repudiarent.
1351 3165 1379 3227 Ii
1404 3163 1553 3228 videlicet

302 3274 426 3353 Ecclesiae
452 3267 485 3330 in
518 3267 669 3332 Ecclesia
700 3290 838 3333 romana
862 3290 1058 3351 expressam
1083 3289 1182 3334 verae
1210 3269 1384 3334 Ecclesiae
1411 3269 1552 3352 speciem

270 3347 425 3470 pram?
452 3383 553 3454 atque
577 3373 757 3456 imaginem
785 3375 971 3457 dispexere,
998 3374 1112 3438 inditis
1139 3375 1183 3438 ab
1207 3384 1344 3438 auctore
1372 3374 1450 3438 Deo
1472 3374 1553 3436 notis

289 3471 426 3599 'pum
452 3475 552 3556 plane
568 3477 806 3558 conspicuam:
822 3479 965 3560 ideoque
981 3478 1014 3540 in
1032 3477 1113 3559 ipsis
1130 3487 1349 3540 numerantur
1365 3475 1473 3552 multi,
1489 3473 1549 3538 acri

307 3601 426 3650 mulrtex
451 3577 575 3641 iudicio
601 3579 781 3662 subtilique
808 3580 851 3642 ad
879 3581 1116 3662 antiquitatem
1144 3579 1385 3644 excutiendam
1413 3577 1552 3662 ingenio.

295 3665 425 3794 5:222?
452 3682 507 3764 qui
519 3681 690 3745 Ecclesiae
703 3703 861 3747 romanae
870 3673 1100 3766 abAp'ostolis
1110 3684 1553 3765 continuationemdogma·

274 3799 425 3875 rpnrscrp-
452 3795 523 3850 tum
549 3787 787 3869 integritatem,
810 3789 1007 3871 disciplinae
1023 3789 1249 3854 constantiam
1266 3787 1399 3871 scriptis
1416 3785 1552 3871 egregiis

272 3867 426 3976 ‘'⁵42ss‘ss
451 3889 655 3956 illustrarint.
673 3891 779 3973 Igitur
795 3893 913 3956 horum
929 3893 1075 3956 virorum
1093 3894 1266 3976 proposito
1282 3889 1454 3974 exemplo,
1468 3907 1553 3953 corn·

275 3995 425 4108 3(ῧῦἰίξέ
453 3993 555 4075 pellat
583 4013 642 4058 vos
666 3995 741 4077 plus
757 3997 889 4060 animus
905 4015 1006 4078 quarn
1022 3997 1140 4074 oratio,
1157 3995 1274 4060 fratres
1291 3993 1406 4070 nostri,
1423 3993 1480 4076 qni
1498 3989 1552 4054 tria

275 4127 321 4170 m
341 4125 429 4173 coetera·
452 4098 519 4164 iam
536 4099 670 4164 saecula
686 4101 859 4165 nobiscum
876 4101 919 4164 de
936 4099 1002 4164 fide
1017 4101 1199 4165 christiana
1214 4098 1395 4176 dissidetis,
1411 4099 1553 4177 itemque

274 4193 332 4235 Μ’
353 4190 427 4238 ‘'¹⁸³“
452 4225 521 4284 vos,
536 4215 764 4288 quotcumque
779 4206 938 4287 deinceps
954 4206 1071 4288 quavis
1083 4205 1126 4268 de
1136 4225 1254 4268 caussa
1265 4221 1417 4268 seorsum
1430 4225 1450 4268 a
1462 4199 1550 4266 nobis

275 4251 402 4316 Pomp‘ex.
452 4308 588 4375 abiistis.
616 4309 832 4376 occurramus
855 4331 964 4376 omnes
990 4311 1024 4373 in
1050 4311 1210 4375 unitatem
1228 4310 1317 4394 fidei
1332 4319 1366 4374 et
1379 4303 1552 4394 aptitatus
1592 4389 1593 4410 Χ
