3222 4888
396 649 453 708 nd
475 649 679 720 Georgium
701 649 749 708 de
772 649 961 721 Hersling.

194 813 260 872 oa
288 811 563 872 affluemus
592 811 646 870 nt
674 811 979 873 cnmsrmnn
1004 815 1133 876 nuru
1198 774 1208 889 ἶζ

519 987 807 1052 SERVANDIS.

110 1287 376 1358 4fflq2uon
406 1285 485 1339 tuae
515 1275 623 1339 Nobis
662 1278 819 1341 nuntiant
851 1278 991 1356 litterae,
1020 1281 1133 1362 plures
1172 1305 1216 1348 ex

319 1379 500 1442 Germania
516 1379 699 1444 catholicos
724 1380 822 1458 viros
837 1381 895 1463 qui
911 1384 1039 1447 artibus
1062 1387 1216 1470 ingenuis
1252 1353 1376 1441 ΜΑῗΤΗ

163 1395 245 1592 Q
318 1492 375 1545 aut
391 1493 571 1563 operentur
587 1483 660 1565 ipsi,
675 1493 734 1547 aut
749 1504 887 1566 quoquo
903 1486 1005 1550 modo
1022 1487 1166 1568 faveant,
1182 1492 1215 1555 in
1281 1452 1354 1515 '8⁹⁴'

318 1585 522 1662 societatem,
553 1585 647 1649 cuius
678 1587 749 1668 ipse
774 1588 1004 1668 magisterium
1032 1593 1130 1674 geris,
1153 1593 1216 1658 hoc
1242 1567 1392 1682 anm?

107 1691 223 1754 animo
238 1689 480 1772 propositoque
496 1692 602 1752 coisse
619 1701 656 1752 ut
672 1701 778 1753 artem
795 1691 1011 1756 christianam
1030 1695 1120 1776 apud
1135 1695 1215 1760 Ger·
1242 1697 1277 1744 ‘²²
1289 1699 1375 1748 Ponu-

454 1795 461 1807 .
635 1795 642 1808 .
795 1795 802 1808 .
1233 1762 1392 1826 fixereclam

108 1813 228 1857 manos
259 1803 425 1870 tueantur,
453 1795 485 1856 rd
517 1793 696 1856 salubriter
725 1794 880 1857 ducimus
908 1806 941 1858 et
966 1812 1215 1880 peropportune
1240 1828 1376 1878 societatem

107 1897 244 1961 iactum.
261 1896 408 1977 Magnus
434 1897 524 1960 enim
550 1897 763 1980 ingeniorum
787 1897 849 1960 hac
877 1909 989 1962 aetate
1014 1915 1215 1982 proventus;
1241 1895 1392 2008 lambris-

1329 1997 1336 2020 ,

106 2001 167 2064 sed
185 2001 325 2063 nimium
342 2019 443 2081 saepe
462 2001 505 2064 ad
529 2001 686 2063 vitiosum
710 2020 817 2082 genus
841 2001 994 2068 defluunt
1017 2015 1105 2068 artes
1129 2009 1215 2091 opti·
1242 2031 1376 2088 cumsaepe

107 2123 195 2180 mae,
209 2103 310 2183 idque
327 2102 477 2164 maxime
493 2113 631 2185 propter
655 2104 869 2185 disciplinam
890 2125 1016 2184 eorum,
1032 2111 1089 2189 qui
1106 2131 1141 2173 se
1157 2130 1214 2174 na·
1241 2091 1374 2220 mr?

106 2219 218 2272 turam
236 2206 433 2290 profitentes
457 2210 500 2272 ad
516 2209 628 2272 vivum
655 2208 822 2292 effingere,
838 2212 901 2274 sibi
927 2213 1082 2278 licentius
1106 2217 1215 2281 indul·
1243 2237 1296 2270 mc
1307 2227 1374 2270 artes

105 2321 200 2396 gent,
220 2322 254 2376 et
270 2313 350 2376 recti
367 2314 466 2376 simul
483 2332 522 2376 ac
545 2315 649 2395 pulcri
674 2315 765 2398 leges
792 2337 859 2379 una
875 2339 976 2400 saepe
1000 2320 1216 2386 subversione
1242 2287 1382 2401 zm?

104 2418 399 2501 complectuntur:
417 2441 478 2483 nec
494 2421 651 2484 dubitant
668 2421 700 2482 in
719 2422 792 2502 ipsa
808 2443 977 2486 sacrorum
996 2438 1216 2492 monumenta
1242 2433 1394 2532 mmm

105 2523 268 2607 profanos
289 2525 411 2587 artIum
429 2524 566 2604 spiritus
582 2524 748 2588 invehere.
773 2525 874 2607 Quod
891 2527 1028 2608 quidem
1047 2528 1140 2592 nefas
1157 2541 1217 2608 est,
1243 2550 1391 2598 intuamur.

105 2647 252 2709 cumque
268 2647 317 2702 eu,
330 2627 420 2709 quod
437 2627 523 2691 velle
538 2629 664 2691 debent
677 2627 830 2708 artifices,
840 2642 955 2711 aperte
969 2643 1109 2714 pugnat.
1122 2634 1216 2698 Artis
1242 2615 1394 2728 memmi

106 2731 197 2796 enim
214 2731 414 2794 christianae
432 2751 553 2796 munus
569 2742 603 2795 et
620 2731 765 2796 officium
782 2743 833 2796 est
845 2733 997 2798 famulari
1009 2735 1084 2799 Deo
1097 2760 1104 2800 :
1117 2759 1216 2820 prop·
1242 2744 1395 2794 christianae

104 2848 265 2918 tereaque
290 2835 352 2898 sibi
369 2836 470 2900 debet
487 2838 560 2918 ipsa
582 2837 771 2914 cohaerere,
786 2838 850 2902 hoc
867 2848 918 2903 est
934 2839 1074 2905 admota
1090 2844 1215 2906 extrin·
1235 2818 1384 2938 ssmssff

106 2959 206 3004 secus
224 2938 332 3002 forma
357 2939 535 3020 percellere
555 2961 682 3018 sensuS,
707 2951 743 3003 ut
770 2951 917 3005 mentem
945 2945 1100 3026 attingat,
1117 2956 1150 3009 et
1173 2946 1214 3009 ad
1242 2941 1312 3018 ma:

107 3063 147 3106 ea
164 3060 251 3122 quae
267 3061 344 3103 vera
357 3051 445 3116 sunt,
461 3031 669 3124 quae'bona,
684 3061 771 3123 quae
787 3042 916 3106 homini
933 3049 1128 3126 expetenda
1144 3047 1216 3109 alli·
1241 3006 1393 3120 mam.

104 3148 184 3210 ciat.
200 3144 399 3210 Cuiusmodi
415 3145 515 3208 laude
534 3154 663 3226 quanto
688 3166 790 3226 opere
815 3149 1030 3228 praestiterit,
1046 3149 1215 3232 religionis
1240 3137 1395 3264 wilm

103 3249 269 3313 instinctu
282 3258 446 3330 permota,
461 3250 654 3330 antiquitas,
667 3269 768 3314 nemo
784 3251 903 3332 estqui
921 3253 1058 3316 nesciat.
1070 3253 1215 3336 Oportet
1240 3269 1305 3316 sicut
1316 3283 1359 3316 ars

102 3372 188 3434 ergo
214 3352 256 3415 ad
282 3361 431 3414 veterum
461 3353 620 3434 exempla
647 3354 680 3415 in
706 3355 905 3416 exercendis
930 3353 1058 3418 artibus
1085 3356 1215 3434 intueri,
1239 3340 1389 3448 ζῖζὲξῇῗζηα

102 3465 209 3538 atque
231 3454 310 3518 inde
337 3454 536 3519 christianos
552 3455 705 3538 accipere
733 3454 875 3521 afflatus.
899 3455 999 3539 Quod
1024 3459 1134 3540 ipsum
1155 3479 1214 3540 op·
1276 3464 1391 3540 Queqtfi-

102 3557 212 3622 tanda
227 3557 355 3620 artibus
383 3558 589 3622 incrementa
613 3559 773 3636 continet,
789 3561 869 3642 quia
885 3558 1028 3623 artifices
1045 3561 1215 3643 pingendi,
1240 3545 1391 3656 fflrsse‘f*

104 3659 266 3742 fingendi,
279 3657 487 3738 aedificandi,
502 3662 655 3725 caelandi
669 3682 854 3744 numquam
867 3672 945 3726 sunt
959 3671 1089 3726 tantam
1103 3662 1214 3726 excel·
1240 3667 1391 3788 mmm

103 3765 245 3828 lentiam
263 3767 444 3839 consecuti,
456 3778 617 3848 quantam
635 3787 711 3830 cum
729 3768 763 3830 id
781 3787 978 3851 persuasum
1004 3767 1215 3851 infixumque
1241 3790 1379 3838 inconten-

103 3870 140 3931 in
158 3867 273 3930 animo
288 3867 459 3946 haberent,
475 3869 525 3930 sui
543 3889 615 3931 esse
629 3867 748 3960 officii,
773 3871 910 3954 ingenio
938 3890 1108 3952 manuque
1124 3870 1215 3934 oble·
1238 3863 1296 3970 2¹:2¹
1308 3856 1337 3905 ‘d
1346 3873 1379 3904 ⁶⁶·

103 3984 198 4037 ctare
216 3982 374 4050 mentem,
386 3972 526 4037 suadere
542 3974 710 4038 virtutem.
727 3975 868 4038 Talibus
884 3975 1035 4039 imbutae
1052 3975 1215 4039 doctrinis
1320 3985 1391 4035 Tales

104 4077 260 4142 societati
290 4086 422 4141 vestrae
452 4077 661 4160 gratulamur
688 4079 881 4143 institutum
907 4100 1015 4158 suum,
1039 4082 1081 4144 de
1107 4100 1213 4162 eaque
1238 4059 1368 4166 {¹222ssss
1403 4124 1405 4132 ,

105 4180 248 4244 omnino
263 4177 474 4257 confidimus
490 4181 643 4264 religioni
659 4181 757 4245 valde
781 4182 989 4264 profuturam
1019 4192 1120 4264 atque
1135 4185 1213 4247 arti·
1238 4183 1390 4246 praelauda-

104 4283 179 4345 bus
204 4281 282 4344 Tibi
299 4283 441 4358 interim,
456 4282 578 4348 dilecte
591 4283 646 4361 fili,
660 4297 694 4348 et
711 4295 878 4368 quotquot
901 4286 1053 4350 societati
1078 4286 1132 4350 isti
1157 4307 1214 4350 no·
1240 4249 1391 4374 {ffflssm'

156 4415 212 4459 Acca
225 4417 304 4460 Leonis
317 4418 385 4460 Xlll.
1117 4423 1170 4464 V-
1184 4428 1210 4467 16
