3216 4880
209 295 260 344 DE
278 294 497 345 DISCIPLINA
514 293 784 346 ORIEN'IALIUM
802 294 1093 346 CONSERVANDA.
1141 297 1213 366 309

110 446 209 508 ritum
239 465 347 522 suum,
377 445 492 509 statim
514 456 551 507 ut
577 445 761 507 sacerdotis
785 445 957 508 orientalis
985 446 1082 510 luerit
1108 449 1214 529 copia.
1296 473 1330 518 50

154 551 236 616 XII.
255 551 523 616 Matrimoniales
548 559 582 614 et
609 549 865 628 ecclesiasticae,
892 574 1124 637 quaecumque
1148 555 1215 619 sint
1281 519 1353 634 fagi

110 677 257 735 caussae,
273 659 316 721 de
340 657 461 741 quibus
486 658 529 721 ad
546 657 781 738 Apostolicam
799 657 922 723 Sedem
948 661 1131 743 appellatio
1148 660 1215 738 liat,
1299 675 1341 747 {²⁰
1356 671 1393 720 ue

111 781 324 844 nequaquam
347 762 521 846 Delegatis
545 761 752 843 Apostolicis
772 762 994 840 definiendae,
1010 767 1072 829 nisi
1099 777 1214 849 aperte
1240 751 1386 850 {ffifffi

110 889 152 932 ea
174 869 315 945 iusserit,
330 870 597 944 committantur,
612 869 671 930 sed
697 869 739 932 ad
769 889 900 934 sacrum
918 869 1106 936 Consilium
1129 875 1213 936 chri·
1240 867 1384 916 ‘fluuit‘-

109 978 222 1040 stiano
238 976 365 1040 nomini
382 976 604 1059 propagando
618 975 758 1040 omnino
773 976 973 1042 deserantur.
1239 933 1395 1063 pam·

155 1063 258 1146 XIII.
276 1082 488 1146 Patriarchae
512 1079 642 1145 Graeco
666 1081 848 1146 Melchitae
869 1084 1133 1150 iurisdictionem
1158 1089 1214 1151 tri·
1235 1064 1395 1193 jun-{ff

110 1189 245 1251 buimus
260 1187 294 1250 in
311 1207 368 1250 eos
384 1207 519 1270 quoque
535 1185 651 1249 fideles
669 1187 819 1250 eiusdem
848 1189 931 1252 ritus
948 1191 1004 1272 qui
1029 1192 1118 1254 intra
1134 1190 1216 1254 fines
1242 1209 1287 1242 om
1299 1195 1384 1243 Patri·

110 1295 243 1358 Turcici
263 1295 399 1376 Imperii
416 1303 600 1358 versantur.
1240 1258 1395 1388 {mma

157 1399 295 1464 Praeter
319 1400 402 1463 istas
430 1399 616 1482 peculiares
643 1398 818 1461 cautiones
843 1410 946 1482 atque
972 1421 1016 1464 ex
1037 1401 1107 1464 iure
1123 1423 1217 1486 prae·
1244 1390 1398 1518 ‘diffamat

110 1507 247 1589 scripta,
273 1504 422 1569 maxime
449 1503 522 1568 Nos
544 1513 637 1567 tenet
653 1523 741 1581 cura,
757 1506 848 1586 quod
865 1525 966 1588 supra
982 1507 1166 1589 attigimus,
1181 1521 1218 1574 ut
1246 1521 1364 1598 emme

110 1613 301 1676 condantur
325 1609 621 1693 opportunioribus
638 1610 671 1672 in
689 1608 831 1676 Oriente
847 1611 929 1676 locis
946 1615 1134 1691 seminaria,
1151 1617 1217 1679 col·
1245 1592 1397 1700 zm}

112 1719 209 1802 legia,
238 1716 395 1780 instituta
425 1735 525 1780 omne
553 1735 670 1798 genus,
701 1735 809 1798 eaque
840 1737 973 1800 prorsus
1005 1719 1048 1781 ad
1081 1721 1218 1785 iuvenes
1244 1717 1330 1794 eursu
1373 1781 1379 1794 ,

112 1823 238 1888 incolas
265 1823 340 1905 ipso
364 1823 428 1885 ritu
445 1822 555 1904 patrio
571 1821 766 1886 formandos
783 1825 816 1885 in
833 1843 968 1886 suorum
986 1825 1122 1889 auxilia.
1140 1824 1218 1889 Hoc
1243 1781 1396 1912 :izeezesis'

111 1931 332 2014 propositum,
347 1929 381 1994 in
394 1949 462 2014 quo
475 1929 541 1992 dici
553 1929 612 1992 vix
623 1939 734 2010 potest
744 1939 871 2011 quanta
882 1929 1033 2012 religioni
1047 1931 1218 1996 inhaereat
1245 1923 1370 2042 {¹232ss

111 2057 199 2120 spes,
222 2037 372 2100 studiose
389 2036 463 2100 Nos
478 2035 626 2118 aggredi,
638 2035 846 2118 prolixisque
857 2036 1014 2100 subsidiis
1027 2037 1219 2118 provehere,
1246 2051 1349 2093 nentur
1362 2045 1396 2092 n·-

112 2141 283 2220 affluente,
307 2153 344 2208 ut
375 2141 585 2219 confidimus,
617 2140 860 2206 catholicorum
891 2163 964 2225 ope,
995 2143 1216 2207 deliberatum
1243 2117 1379 2224 {Zifffi

110 2249 283 2313 habemus.
306 2248 528 2314 Sacerdotum
545 2247 780 2329 indigenarum
797 2267 944 2330 operam,
960 2249 1085 2331 quippe
1096 2259 1129 2312 et
1139 2269 1217 2313 con·
1244 2241 1378 2344 “indffl'ss

110 2355 298 2420 venientius
322 2355 511 2436 impensam
528 2360 561 2416 et
577 2353 731 2436 cupidius
748 2364 931 2434 acceptam,
948 2353 1055 2418 multo
1072 2353 1217 2418 futuram
1244 2305 1387 2431 {prm-
1416 2389 1420 2397 ¹

110 2476 211 2540 quarn
237 2458 443 2520 advenarum
471 2455 736 2532 fructuosiorem,
763 2455 864 2538 paulo
888 2454 991 2519 fusius
1007 2467 1058 2520 est
1074 2477 1094 2520 a
1110 2457 1219 2520 Nobis
1241 2438 1396 2553 {mm

113 2571 335 2628 monstratum
364 2562 397 2625 in
425 2561 603 2644 encyclicis
629 2560 748 2624 litteris
773 2581 858 2644 quas
880 2561 1035 2626 dedimus
1051 2561 1220 2644 superiore
1245 2571 1393 2619 emolimen-

112 2689 202 2734 anno
225 2669 269 2734 de
292 2669 442 2754 collegiis
458 2667 654 2731 clericorum
672 2667 706 2730 in
726 2667 832 2731 lndiis
849 2666 1081 2734 Orientalibus
1096 2668 1219 2730 consti·
1246 2640 1278 2685 ’θ’

111 2775 253 2841 tuendis.
278 2809 321 2823 -
345 2774 398 2838 lta
426 2793 526 2856 porro
552 2793 666 2836 sacrae
693 2770 877 2838 iuventutis
898 2773 1100 2838 institutioni
1116 2772 1218 2838 semel
1282 2801 1397 2852 Multum

112 2881 277 2958 consulto,
304 2879 455 2963 prolecto
479 2880 601 2944 studiis
626 2881 671 2942 rei
697 2879 906 2962 theologicae
922 2889 955 2943 et
971 2879 1113 2943 biblicae
1129 2876 1218 2960 apud
1244 2867 1383 2996 {ama

114 2985 306 3053 Orientales
336 2994 504 3048 accrescet
535 2985 672 3063 honos;
698 2984 825 3066 vigebit
850 2984 1040 3066 linguarum
1068 2993 1217 3046 veterum
1245 2998 1379 3048 adstam-

113 3094 257 3158 eruditio
274 3111 380 3175 aeque
395 3111 434 3155 aa
450 3092 483 3154 in
501 3091 693 3154 recentibus
709 3089 856 3153 sollertia
871 3113 879 3168 ;
895 3091 1067 3153 doctrinae
1083 3099 1116 3153 et
1133 3089 1219 3152 litte·
1245 3079 1304 3177 {7¹13}
1315 3079 1395 3177 m

112 3221 223 3265 rarum
249 3219 378 3276 census,
402 3219 470 3282 quo
498 3199 615 3262 Patres
643 3217 758 3261 eorum
775 3198 1021 3280 scriptoresque
1037 3199 1221 3271 abundant,
1248 3201 1338 3253 menta,

113 3313 145 3373 in
162 3327 342 3374 commune
358 3307 494 3384 bonum,
510 3306 634 3387 largius
652 3301 824 3388 proficiet:
840 3325 881 3368 eo
891 3306 1027 3368 demum
1042 3283 1220 3386 peroptato

113 3417 217 3493 exitu,
233 3425 269 3478 ut
285 3413 463 3477 sacerdotii
480 3410 637 3475 catholici
653 3419 847 3492 emergente
863 3411 1016 3475 doctrina
1032 3411 1219 3493 integrique

112 3519 262 3601 exempli
278 3517 378 3582 laude
394 3517 617 3600 praelucente,
628 3517 827 3599 propensius
837 3516 986 3580 eiusdem
1002 3516 1116 3580 matris
1128 3535 1217 3578 com-

113 3626 252 3710 plexum
281 3623 399 3688 fratres
425 3619 627 3686 dissidentes
643 3623 823 3705 requirant.
838 3620 928 3686 Tum
945 3642 1024 3686 vero
1040 3623 1067 3684 si
1083 3623 1218 3686 ordines
1302 3663 1395 3695 necnon

112 3733 191 3818 cleri
216 3732 357 3807 animm,
381 3731 502 3806 studia,
524 3729 691 3793 actionem
708 3729 848 3792 caritate
863 3748 940 3792 vere
957 3728 1102 3792 fraterna
1114 3729 1217 3791 socia·
1244 3713 1368 3828 affl

113 3838 231 3916 verint,
260 3846 360 3914 certe,
386 3834 519 3900 favente
551 3845 585 3900 et
615 3836 759 3900 ducente
788 3835 872 3911 De0,
899 3835 971 3900 dies
998 3834 1219 3900 maturabitur
1372 3816 1377 3827 ¹

112 3941 390 4027 auspicatissima,
406 3963 482 4024 qua,
497 3941 746 4005 occurrentibus
756 3942 914 4006 omnibus
928 3941 963 4004 in
974 3939 1133 4006 unitatem
1134 3939 1223 4023 fidei

111 4061 145 4114 et
157 4045 337 4132 agnitionis
352 4047 439 4111 Filii
451 4045 525 4126 Dei,
541 4047 639 4130 plene
654 4067 698 4112 ex
715 4067 756 4112 eo
772 4047 985 4132 perfecteque
995 4056 1098 4111 totum
1108 4057 1221 4130 corpus

111 4163 319 4238 conigastum,
343 4162 376 4216 et
399 4173 572 4216 connexum
580 4165 777 4236 peromnem
790 4152 1219 4218 iunctnremsubministra-

112 4262 222 4338 teonis,
247 4258 420 4324 secundum
447 4260 659 4340 operationem
687 4261 722 4322 in
750 4280 937 4323 mensnram
968 4260 1221 4344 uniuscuiusque
