3296 4886
296 424 620 509 LITTERAE
651 429 1098 512 APOSTOLICAE

216 635 401 708 QUIBUS
427 639 715 705 COLLEGIUM
750 643 975 706 CLERICIS
1003 645 1172 705 MARo-
1245 661 1249 668 ·

137 1283 605 1516 ΜἙΑΡΙΕΝΤΕΚΟΗΜ
616 1291 650 1346 et
661 1283 1248 1367 felicitermensprovidadecessoris
1313 1298 1386 1388 iffi

205 1397 259 1556 S
342 1384 457 1448 Nostri
469 1385 872 1468 GregoriinIIillustris
884 1391 1127 1454 Maronitarum
1139 1391 1246 1454 natio·
1313 1396 1386 1460 1891·

135 1349 325 1603 {¹3
342 1489 392 1552 nis
409 1489 499 1552 bono
514 1489 692 1568 consuluit,
707 1492 764 1574 qui
788 1492 892 1574 probe
913 1493 1116 1574 perspiciens
1140 1513 1247 1578 quan·
1284 1505 1439 1576 Hospitalis⁴

135 1592 327 1669 &amis
343 1604 414 1658 tum
431 1591 559 1658 solidae
574 1595 746 1658 doctrinae
767 1597 989 1678 excultaeque
1016 1598 1148 1662 virtutis
1175 1598 1247 1662 laus
1272 1578 1393 1708 ἔξω

136 1721 205 1766 non
223 1701 267 1764 ad
285 1699 450 1783 privatam
465 1697 567 1758 modo
580 1697 637 1759 sed
651 1697 693 1760 ad
709 1698 877 1780 publicam
891 1699 1070 1764 utilitatem
1088 1698 1247 1778 conferat,
1273 1709 1395 1786 Xlqud

137 1803 385 1869 Maronitarum
400 1799 589 1881 Collegium
606 1801 639 1863 in
655 1801 717 1864 hac
733 1801 823 1864 alma
839 1803 920 1865 urbe
936 1803 1119 1882 constituit,
1130 1805 1162 1866 in
1180 1823 1247 1886 quo
1271 1781 1419 1890 mm

137 1911 277 1973 iuvenes
294 1905 403 1970 clerici
420 1905 570 1968 eiusdem
585 1905 730 1968 nationis
750 1906 793 1969 ad
810 1905 939 1986 optima
955 1908 1068 1970 studia
1092 1915 1126 1969 et
1142 1906 1245 1969 eccle·
1271 1905 1406 2020 ἶζῖιῖῗ·

135 2016 310 2080 siasticam
328 2009 540 2093 disciplinam
556 2011 619 2073 rite
646 2011 886 2075 excolerentur.
914 2013 1062 2076 Tantum
1086 2011 1244 2076 Pontifex
1270 2043 1357 2096 erecta,
1371 2037 1402 2085 ab

134 2122 194 2186 ille
225 2114 539 2204 providentissimus
566 2135 689 2198 operae
718 2117 862 2199 pretium
893 2137 929 2181 se
954 2119 1118 2182 iacturum
1141 2119 1174 2180 in
1203 2136 1243 2180 eo
1269 2102 1397 2217 mg

132 2221 289 2305 Collegio
314 2220 498 2284 excitando
513 2219 731 2297 existimavit,
755 2229 792 2284 ut
807 2221 879 2285 eius
894 2241 1012 2286 caussa
1040 2219 1241 2304 hospitalem
1268 2235 1344 2282 estin
1358 2250 1392 2282 se-

128 2326 273 2388 domum
290 2322 474 2407 peregrinis
499 2321 677 2386 Maronitis
692 2323 911 2406 excipiendis,
933 2325 976 2388 ad
994 2323 1028 2388 S.
1046 2325 1182 2388 loannis
1198 2325 1241 2388 de
1263 2297 1419 2427 {yffi

127 2427 263 2492 Ficoria
280 2428 313 2491 in
331 2426 519 2510 regionario
528 2427 603 2489 vico
619 2427 661 2490 ad
673 2427 782 2491 lacum
799 2427 948 2511 Virginis
965 2429 1110 2492 antesin
1124 2429 1205 2492 urbe
1221 2447 1241 2490 a
1268 2431 1394 2492 nicarum,

126 2551 165 2594 se
183 2530 371 2608 fundatam,
386 2529 420 2593 in
437 2530 551 2594 sedem
566 2530 741 2593 memorati
753 2527 894 2612 Collegii
908 2531 1118 2606 converterit,
1130 2551 1168 2594 ac
1182 2549 1240 2612 per

123 2632 348 2716 Apostolicas
374 2632 501 2696 litteras
517 2651 607 2695 anno
623 2645 825 2695 MDLxxxw
840 2634 947 2710 datas,
962 2634 1141 2717 pristinum
1162 2634 1239 2698 hos-

125 2737 245 2820 pitalis
257 2737 378 2801 domus
395 2735 596 2814 institutum,
612 2738 654 2800 ad
683 2737 759 2800 iusti
788 2747 821 2800 et
848 2737 990 2820 legitimi
1018 2737 1160 2819 Collegii
1188 2739 1239 2801 ius

126 2852 161 2906 et
179 2841 408 2905 conditionem
420 2841 578 2905 evexerit.
596 2840 801 2905 Huiusmodi
815 2839 957 2924 Collegii
974 2843 1070 2906 sedes
1082 2843 1151 2906 duo
1167 2862 1237 2906 am·
1271 2913 1277 2926 ,
1309 2849 1415 2910 persua

125 2945 218 3028 plius
234 2945 372 3009 saecula
389 2945 565 3009 incolumis
583 2945 715 3023 mansit,
724 2965 763 3009 ac
779 2946 893 3010 divina
909 2947 1102 3028 adspirante
1130 2949 1237 3029 gratia
1264 2914 1416 3030 imm.

124 3071 172 3116 ex
186 3049 259 3114 eius
270 3049 448 3133 disciplina
459 3051 637 3114 illustrium
648 3051 793 3114 virorum
804 3071 901 3132 seges
913 3051 1238 3134 laetissimaprodiit‚
1264 3045 1335 3106 rinei,

123 3153 196 3238 qui,
224 3154 272 3219 uti
300 3173 415 3218 eorum
441 3164 631 3237 temporum
660 3153 822 3218 memoria
847 3154 955 3232 docet,
974 3162 1008 3218 et
1035 3156 1168 3238 egregie
1194 3155 1237 3219 de

124 3257 283 3323 Ecclesia
299 3265 500 3335 meruerunt,
510 3269 543 3322 et
561 3257 798 3322 Maroniticum
823 3277 946 3321 nomen
963 3277 1023 3321 sua
1050 3257 1238 3320 eruditione

123 3379 165 3426 ac
183 3359 356 3424 laboribus
378 3358 594 3424 illustrarunt.
612 3359 652 3423 In
676 3359 740 3422 hac
752 3359 997 3442 praestantium
1022 3356 1234 3421 alumnorum

121 3465 225 3549 copia
242 3465 334 3529 iuvat
350 3485 536 3530 memorare
552 3465 761 3530 Assemanos
777 3485 816 3530 ac
838 3463 1019 3548 losephum
1046 3461 1235 3528 Simonium

120 3569 307 3653 praecipue
322 3569 444 3632 celebri
463 3569 552 3633 sama
567 3571 685 3646 virum,
699 3569 753 3632 cui
769 3567 948 3633 orientales
965 3567 1095 3631 litterae
1111 3576 1144 3629 et
1167 3565 1236 3630 Va-

119 3673 236 3738 ticana
249 3670 375 3736 Nostra
391 3673 600 3738 Bibliotheca
626 3671 738 3754 plures
754 3672 875 3736 veteris
885 3670 1081 3735 eruditionis
1108 3679 1141 3734 et
1157 3669 1236 3734 doc·

118 3777 232 3842 trinae
258 3776 434 3840 thesauros
465 3777 600 3853 debent,
630 3777 865 3841 Abrahamum
897 3777 976 3840 item
1016 3774 1236 3851 Ecchellensi,

116 3882 301 3946 doctorum
317 3880 464 3944 virorum
477 3879 633 3945 laudibus
649 3880 935 3951 commendatum.
952 3879 1073 3962 quibus
1086 3877 1235 3962 praecla-

116 3982 246 4050 rissimi
264 3982 321 4046 alii
333 4002 377 4046 ex
394 3983 607 4048 alumnorum
625 4003 765 4049 numero
781 3983 842 4048 viri
858 3983 1057 4048 accensendi
1086 3991 1164 4046 sunt
1191 3983 1233 4046 ad

116 4084 382 4172 patriarchalem
392 4085 443 4149 vel
455 4085 679 4170 episcopalem
697 4087 896 4170 dignitatem
914 4087 1030 4163 evecti,
1045 4104 1186 4168 quorum
1201 4095 1234 4148 et

116 4185 297 4255 doctrinae
308 4187 524 4268 praestantia,
539 4197 573 4252 et
583 4187 687 4253 virtus
704 4189 738 4252 in
755 4190 953 4254 reducendis
969 4191 1012 4254 ad
1030 4189 1229 4254 catholicam

115 4293 289 4359 unitatem
307 4289 412 4355 deviis
436 4292 630 4358 hominibus
654 4293 831 4378 splendide
857 4293 990 4360 effulsit.
1019 4295 1075 4361 Ob
1100 4305 1231 4359 tantum
