3296 4886
570 285 788 339 onerarunt.
1188 287 1209 360 3
1215 285 1235 360 5

122 441 301 526 sponsalia
327 443 370 505 de
395 441 508 507 loturo
524 461 584 524 per
598 440 870 506 coniunctionem
887 441 1054 508 carnalem
1072 442 1105 506 in
1122 443 1236 507 matri·

126 545 281 610 monium
299 546 450 610 transire.

170 651 236 714 His
254 649 357 732 igitur
372 647 470 712 rebus
486 657 519 712 et
535 648 716 725 caussis,de
730 648 872 712 consilio
886 647 1137 714 Venerabilium
1156 650 1235 716 Fra·
1282 671 1384 733 arrogat

124 765 216 821 trum
244 755 449 818 Nostrorum
476 752 511 820 S.
539 753 580 818 R.
608 753 647 818 E.
663 752 892 818 cardinalium
921 753 954 818 in
971 754 1069 818 rebus
1085 752 1161 820 fidei
1181 755 1235 820 ln·
1261 735 1384 865 mm

125 860 328 944 quisitorum
353 857 570 941 generalium,
586 877 686 940 supra
714 865 918 922 memoratos
943 878 1088 924 canones
1104 869 1137 926 et
1153 860 1236 925 allas
1260 867 1338 943 etiam
1354 866 1383 916 in

124 981 357 1046 quascumque
384 961 464 1027 iuris
484 960 636 1026 canonici
662 981 702 1024 ea
731 961 774 1025 de
804 980 840 1025 re
866 961 1111 1044 dispositiones,
1132 963 1235 1028 etiam
1261 931 1415 1046 {merra

125 1067 265 1149 speciali
282 1065 454 1130 mentione
470 1065 600 1149 dignas,
616 1084 675 1146 per
690 1063 755 1129 boc
765 1064 947 1130 Decretum
961 1065 1124 1132 Nostrum
1141 1068 1236 1133 abro·
1262 1063 1369 1140 mina

125 1187 248 1250 gamus
264 1179 298 1232 et
314 1167 498 1246 abolemus,
513 1176 547 1232 et
574 1187 635 1251 pro
659 1166 794 1232 abolitis
809 1175 843 1232 et
859 1168 1039 1250 abrogatis,
1055 1189 1094 1232 ac
1110 1170 1137 1234 si
1154 1190 1238 1235 nun·
1263 1143 1314 1178 m
1325 1134 1398 1193 vaget,

126 1292 229 1354 quam
248 1272 461 1354 prodiissent,
476 1271 590 1343 haberi
608 1271 773 1337 volumus.

170 1375 281 1442 Simul
298 1397 357 1460 per
372 1377 434 1442 has
451 1377 580 1442 litteras
595 1377 739 1441 Nostras
756 1376 966 1440 decernimus
977 1395 1016 1440 ac
1028 1376 1237 1454 mandamus,
1280 1396 1415 1460 acflmtas

127 1488 163 1544 ut
180 1479 342 1562 deinceps
358 1479 423 1544 illis
440 1479 475 1544 in
495 1479 576 1544 locis
592 1479 624 1542 in
643 1479 764 1562 quibus
780 1479 937 1562 coniugia
952 1479 1161 1544 clandestina
1177 1499 1237 1562 pro
1263 1461 1404 1591 {ffiffi'

125 1583 248 1648 validis
260 1583 438 1660 habentur,
453 1603 473 1650 a
489 1581 662 1666 quibusvis
679 1581 844 1646 iudicibus
856 1581 1143 1660 ecclesiasticisis
1157 1602 1238 1666 quo·
1264 1607 1369 1656 namque

128 1705 205 1752 rum
219 1686 294 1751 soro
305 1707 442 1752 caussas
453 1685 618 1752 eiusmodi
636 1684 898 1750 matrimoniales
914 1685 1034 1769 agitari
1050 1696 1084 1750 et
1099 1686 1238 1750 iudIcari
1262 1664 1331 1771 2ζῖ
1347 1659 1417 1787 {⁶ss

125 1789 319 1872 contigerit,
345 1791 468 1874 copula
493 1788 636 1853 carnalis
660 1787 873 1870 sponsalibus
903 1788 1142 1870 superveniens
1170 1808 1236 1852 non
1262 1789 1337 1864 suta,
1361 1803 1416 1838 ‘0⁹¹-

123 1894 273 1976 amplius
289 1915 334 1958 ex
350 1895 430 1958 iuris
446 1891 720 1977 praesumptione
743 1892 929 1974 coniugalis
952 1901 1144 1956 contractus
1160 1912 1236 1957 cen·
1256 1855 1416 1968 {imum

122 2009 251 2077 scatur,
267 2019 329 2062 nec
350 2017 411 2081 pro
434 1998 586 2081 legitimo
602 1995 817 2061 matrimonio
833 2005 1036 2080 agnoscatur
1050 2017 1109 2060 seu
1125 1997 1237 2062 decla·
1263 1983 1359 2045 ΜΨ,

122 2114 227 2170 retur.
245 2103 356 2168 Huius
372 2113 487 2168 tamen
511 2103 711 2167 auctoritate
727 2101 862 2166 Decreti
879 2101 991 2165 induci
1008 2101 1165 2166 nolumus
1181 2121 1237 2166 ne·
1262 2115 1417 2214 numi?

122 2212 321 2276 cessitatem
346 2211 474 2276 formae
498 2209 718 2275 Tridentinae
749 2210 932 2274 servandae
959 2209 1002 2273 ad
1032 2209 1236 2278 matrimonn
1262 2230 1361 2278 sitalem
1377 2230 1417 2280 in-

122 2315 339 2380 validitatem
357 2315 414 2378 ubi
430 2313 488 2378 illa
504 2315 612 2378 forma
628 2311 731 2376 modo
748 2333 816 2376 non
832 2312 933 2396 viget.
1262 2295 1417 2410 walto*

170 2417 303 2482 Datum
342 2415 473 2483 Romae
520 2415 610 2499 apud
649 2414 683 2480 S.
722 2414 858 2480 Petrum
897 2415 952 2480 die
990 2429 1042 2480 xv
1079 2414 1235 2481 februarii
1261 2425 1380 2475 dentem

122 2535 369 2600 teneccuxcn,
385 2518 610 2586 Pontificatus'
621 2519 737 2584 Nostri
753 2539 843 2584 anno
858 2520 991 2584 decImo
1006 2530 1136 2603 quarto.
1256 2491 1416 2610 *zmar-

841 2707 937 2774 LEO
962 2709 1025 2774 PP.
1048 2707 1151 2774 XIII.
