3222 4888
412 304 485 372 214
538 304 635 356 arra.
658 305 816 356 encres.
837 292 857 322 ‘⁴
877 303 1252 356 snovrosurtssruus
1273 305 1383 356 osus.
1406 284 1421 306 '¹

413 453 560 529 Petrum,
576 454 698 536 quibus
717 468 735 522 t
751 465 828 536 post
845 455 1041 536 Apostolos,
1053 463 1171 519 sancta
1182 455 1334 519 Ecclesia
1351 455 1507 534 plantato·

413 557 512 634 ribus,
530 557 740 638 rigatoribus,
765 557 1046 633 aedificatoribus,
1072 560 1272 639 pastoribus,
1296 557 1510 620 nutritoribus

412 659 514 722 crevit
526 658 579 742 (1),
591 679 722 723 summa
732 659 914 724 auctoritas
926 671 986 738 est,
997 661 1275 744 quotiescumque
1287 661 1509 724 testimonium

412 764 548 846 aliquod
562 764 733 842 biblicum,
743 777 780 829 ut
790 765 833 827 ad
845 763 921 828 fidei
939 765 1111 847 pertinens
1128 783 1303 828 morumve
1318 764 1511 838 doctrinam,

413 889 479 930 uno
495 869 682 952 eodemque
700 871 802 933 modo
818 869 992 950 explicant
1002 887 1120 932 omnes
1135 892 1142 932 :
1159 887 1237 931 nam
1254 887 1299 930 ex
1316 868 1391 948 ipsa
1404 887 1511 930 eorum

412 975 640 1050 consensione,
657 974 704 1036 ita
720 974 764 1037 ab
789 973 967 1055 Apostolis
994 971 1178 1035 secundum
1195 969 1399 1034 catholicam
1418 968 1511 1033 fidem

264 1089 386 1154 ipsorum·
412 1077 573 1141 traditum
591 1097 664 1140 esse
680 1078 787 1141 nitide
815 1078 949 1140 eminet.
967 1076 1174 1140 Eorumdem
1192 1095 1271 1138 vero
1288 1074 1428 1137 Petrum
1445 1093 1514 1136 sen—

234 1159 385 1219 quascum-
412 1181 518 1244 tentia
546 1191 625 1244 tunc
651 1183 755 1246 etiam
780 1181 894 1262 magni
920 1180 1133 1244 aestimanda
1159 1189 1220 1255 est,
1236 1196 1340 1260 quum
1367 1177 1460 1240 hisce
1475 1178 1512 1239 de

280 1221 285 1231 '
323 1221 386 1266 tiam

261 1227 386 1362 litigia,
414 1286 510 1349 rebus
535 1305 671 1348 munere
687 1286 863 1348 doctorum
881 1285 977 1366 quasi
995 1283 1152 1366 privatim
1170 1279 1376 1362 iunguntur;
1393 1281 1514 1362 quippe

248 1365 387 1465 iiim,
413 1409 507 1470 quos,
527 1409 593 1452 non
621 1389 722 1452 modo
750 1387 890 1452 scientia
906 1388 1072 1452 revelatae
1089 1386 1261 1451 doctrinae
1277 1395 1312 1448 et
1338 1382 1514 1448 multarum

235 1489 280 1544 ⁶⁸²2
414 1493 534 1558 notitia
550 1513 669 1571 rerum,
684 1495 727 1557 ad
744 1494 949 1575 apostolicos
975 1493 1077 1558 libros
1101 1493 1358 1576 cognoscendos
1376 1493 1517 1564 utilium,

414 1597 511 1660 valde
541 1598 766 1675 commendet,
796 1617 911 1660 verum
940 1597 1035 1661 Deus
1067 1597 1148 1678 ipse,
1175 1598 1264 1662 viros
1295 1597 1517 1660 sanctimonia

415 1703 504 1764 vitae
528 1710 562 1766 et
587 1701 737 1765 veritatis
762 1702 875 1764 studio
899 1701 1057 1783 insignes,
1073 1701 1292 1784 amplioribus
1309 1700 1451 1763 luminis
1473 1698 1516 1760 sui

416 1805 591 1886 praesidiis
623 1805 797 1869 adiuverit.
815 1803 927 1887 Quare
959 1807 1124 1888 interpres
1154 1825 1252 1869 suum
1283 1823 1356 1868 esse
1383 1803 1519 1873 noverit,

237 1893 388 2008 limi&
416 1927 530 1971 eorum
549 1920 582 1971 et
598 1909 740 1990 vestigia
756 1919 945 1972 reverenter
962 1911 1115 1992 persequi
1132 1919 1166 1974 et
1193 1909 1366 1973 laboribus
1382 1907 1448 1972 frui
1476 1909 1520 1968 in-

252 2040 307 2075 sam
319 2026 389 2074 ultra
416 2011 580 2094 telligenti
608 2013 810 2076 delectu.—
826 2012 947 2096 Neque
973 2014 1051 2076 ideo
1077 2025 1191 2077 tamen
1219 2013 1309 2076 viam
1334 2012 1402 2075 sibi
1432 2021 1520 2093 putet

258 2098 391 2220 ‘’⁰222ss
415 2116 632 2192 obstructam,
643 2136 711 2198 quo
722 2115 840 2193 minus,
851 2117 908 2178 ubi
924 2117 1011 2181 iusta
1027 2137 1145 2180 caussa
1161 2115 1314 2192 adiuerit,
1324 2115 1522 2198 inquirendo

251 2221 388 2286 procedere,
417 2230 450 2283 et
462 2220 668 2303 exponendo
684 2220 735 2282 vel
752 2220 840 2282 ultra
856 2221 1027 2301 procedat,
1044 2221 1147 2284 modo
1164 2221 1397 2305 praeceptioni
1412 2221 1471 2296 illi,
1483 2220 1520 2281 ab

238 2293 390 2416 qadim
419 2323 611 2406 Augustino
627 2323 797 2403 sapienter
812 2325 1013 2406 propositae,
1029 2324 1184 2408 religiose
1198 2327 1419 2407 obsequatur,
1436 2326 1519 2387 vide·

241 2420 391 2530 2²:232
418 2428 494 2492 licet
510 2448 529 2490 a
545 2427 679 2490 litterali
707 2436 741 2491 et
767 2426 870 2490 veluti
886 2428 986 2490 obvio
1002 2447 1101 2490 sensu
1119 2428 1256 2492 minime
1271 2428 1521 2499 discedendum,

240 2548 348 2596 litterali
359 2554 390 2596 re·
418 2531 480 2595 nisi
496 2551 563 2614 qua
579 2550 655 2594 eurn
671 2530 724 2594 vel
742 2532 827 2594 ratio
839 2541 952 2595 tenere
963 2531 1140 2614 prohibeat
1155 2529 1206 2594 vel
1224 2529 1411 2593 necessitas
1428 2540 1521 2610 cogat

240 2613 394 2727 {maij}
417 2635 586 2700 dimittere
602 2633 667 2718 (2):
684 2654 770 2718 quae
786 2635 979 2716 praeceptio
1004 2656 1044 2698 eo
1070 2627 1216 2700 tenenda
1232 2643 1283 2697 est
1300 2632 1442 2710 firmius,
1458 2651 1520 2713 quo

240 2750 288 2820 apr
314 2759 391 2792 neces·
419 2740 534 2821 magis,
551 2739 583 2802 in
601 2749 696 2802 tanta
717 2738 904 2803 novitatum
933 2739 1089 2822 cupidine
1105 2749 1138 2802 et
1153 2736 1352 2820 opinionum
1383 2736 1522 2807 licentia.

239 2817 320 2924 mis]
344 2874 390 2924 Pa·
418 2843 600 2924 periculum
619 2843 771 2906 imminet
788 2843 973 2907 aberrandi.
991 2842 1118 2908 Caveat
1134 2841 1223 2905 idem
1241 2839 1358 2902 ncilla
1375 2840 1522 2922 negligat

248 2941 392 3068 ‘mxv
418 2967 504 3029 quae
519 2947 563 3010 ab
578 2947 704 3010 eisdem
724 2945 879 3010 Patribus
895 2947 937 3009 ad
955 2947 1170 3029 allegoricam
1186 2945 1376 3010 similemve
1393 2956 1522 3008 senten·

248 3071 298 3119 arn
313 3071 389 3130 orrea,
418 3051 500 3113 tiam
517 3049 679 3113 translata
696 3062 783 3126 sunt,
801 3053 951 3114 maxime
992 3070 1072 3114 uum
1094 3071 1138 3114 ex
1161 3047 1297 3113 litterali
1313 3049 1520 3112 descendant

279 3086 392 3251 ,ἐκ
418 3165 451 3218 et
475 3154 655 3218 multorum
673 3155 873 3218 auctoritate
897 3071 1085 3219 sulciitntur.
1103 3153 1221 3217 Talern
1248 3153 1338 3215 enim
1365 3153 1522 3234 interpre-

236 3217 364 3331 gdgenda.
418 3258 512 3322 tandi
529 3260 693 3322 rationem
720 3259 764 3322 ab
788 3259 966 3341 Apostolis
984 3257 1136 3322 Ecclesia
1152 3257 1293 3336 accepit,
1308 3274 1444 3338 suoque
1460 3257 1523 3336 ipsa

418 3361 587 3444 exemplo,
602 3370 640 3424 ut
664 3381 682 3424 e
705 3383 739 3424 re
764 3373 859 3444 patet
886 3361 1050 3443 liturgica,
1065 3359 1320 3442 comprobavit;
1340 3377 1410 3421 non
1440 3357 1521 3440 quod

419 3467 533 3530 Patres
549 3485 593 3528 ex
609 3485 649 3528 ea
659 3466 900 3528 contenderent
911 3467 1072 3546 dogmata
1085 3463 1161 3527 fidei
1173 3482 1231 3545 per
1240 3482 1276 3524 se
1288 3462 1524 3534 demonstrare,

418 3568 476 3632 sed
493 3567 572 3650 quia
589 3567 674 3630 bene
690 3567 881 3650 frugiferam
898 3569 1013 3633 virtuti
1030 3577 1063 3630 et
1091 3566 1208 3649 pietati
1225 3564 1369 3629 alendae
1393 3575 1523 3628 nossent

311 3715 395 3765 Cereri
419 3673 560 3753 experti.
575 3703 619 3716 -
635 3671 831 3736 Ceterorum
848 3673 1072 3754 interpretum
1089 3669 1331 3735 catholicorum
1349 3679 1405 3732 est
1424 3671 1523 3732 rninor

257 3780 395 3859 ‘corotici
419 3775 556 3857 quidem
591 3777 781 3854 auctoritas,
811 3785 973 3853 attamen,
1002 3775 1162 3859 quoniam
1195 3773 1385 3870 Bibliorurn
1421 3771 1523 3836 studia

242 3853 395 3974 ,wis
420 3880 617 3942 continuum
648 3880 828 3962 quemdam
855 3897 1069 3960 progressum
1094 3877 1128 3941 in
1158 3877 1310 3942 Ecclesia
1325 3876 1521 3948 habuerunt,

242 3985 339 4092 ὢν(
350 3978 394 4027 1⁶⁶·
421 3982 559 4047 istorum
576 3983 699 4066 pariter
714 3985 963 4046 commentariis
980 4001 1059 4046 suus
1081 3981 1278 4046 tribuendus
1294 3961 1344 4042 esi
1355 3979 1521 4058 honor,ex

316 4078 324 4103 '
420 4085 541 4168 quibus
558 4085 664 4149 multa
679 4093 868 4168 opportune
884 4087 951 4169 peti
969 4085 1067 4149 liceat
1089 4085 1132 4150 ad
1150 4083 1332 4148 refellenda
1347 4081 1518 4157 contraria,

450 4317 470 4352 1.
484 4305 509 4352 S.
520 4306 595 4362 Aug..
609 4303 634 4350 C.
649 4303 755 4359 Iulian„
769 4314 797 4358 n,
812 4317 938 4363 10,37.-
953 4317 974 4350 2.
987 4305 1026 4350 De
1043 4305 1099 4352 Gerr.
1113 4303 1147 4349 ad
1156 4303 1216 4354 liu..
1235 4299 1319 4352 tvm,
1331 4311 1352 4343 c
1366 4311 1437 4355 213.
