3296 4886
467 311 709 364 Du-Rosnuro
737 311 908 362 MARIALL
1219 305 1241 372 9

128 470 182 524 est
199 462 327 526 bonum
344 481 533 545 perpessus,
557 462 639 528 nihil
664 463 848 527 admodum
874 463 917 524 de
934 460 1069 543 proprio
1085 458 1148 522 sibi
1165 457 1242 522 bea·
1308 478 1381 562 ⁸323?

129 564 266 628 tissimo
281 564 412 628 lumine
426 573 461 631 et
475 567 602 649 gaudio
618 585 726 648 neque
743 565 864 629 minuit
880 583 989 646 neque
1007 561 1143 626 ademit.
1308 551 1382 634 18912

176 665 275 751 Quae
291 669 429 752 quidem
458 687 582 752 magna
605 669 807 734 christianae
830 664 1022 749 sapientiae
1038 667 1243 730 documenta
1277 684 1420 736 rameri.

129 783 270 838 tenuere
286 793 420 855 semper
430 772 652 857 religioseque
662 774 835 838 coluerunt
846 780 1013 855 quotquot
1023 769 1241 833 christianum
1269 758 1421 866 wrm

130 895 258 941 nomen
275 877 380 959 digna
396 887 474 943 sunt
490 878 613 943 virtute
628 878 784 962 professi:
808 895 949 960 quorum
978 875 1021 940 ad
1039 875 1151 939 Deum
1170 893 1242 955 pre·
1269 896 1327 958 ran
1345 823 1420 959 §iri-

128 998 188 1042 ces
215 982 361 1045 maiores
385 981 636 1065 crebrioresque
662 1001 735 1046 esse
762 980 928 1058 solebant,
951 979 1046 1062 siqua
1071 977 1243 1043 Ecclesiae
1263 953 1421 1078 mm

127 1093 271 1148 sanctae
287 1085 338 1149 vel
355 1103 490 1150 summo
505 1087 578 1150 eius
591 1086 710 1150 rectori
719 1085 896 1150 calamitas
905 1085 949 1148 ab
962 1083 1241 1166 nequissimorum
1269 1084 1340 1138 runt,
1350 1093 1420 1127 axor-

128 1188 309 1252 hominum
327 1188 502 1256 fraudibus
529 1199 564 1254 et
587 1189 748 1256 violentia
773 1187 1128 1254 incidisset-Extat
1144 1186 1243 1251 huius
1268 1149 1420 1258 flunm-

128 1289 177 1354 rei
193 1293 394 1376 exemplum
410 1295 543 1378 insigne
559 1294 592 1356 in
609 1292 764 1358 fidelibus
790 1293 974 1358 exorientis
991 1291 1171 1368 Ecclesiae,
1192 1291 1242 1354 di·
1268 1273 1375 1388 §m

127 1413 236 1476 gnum
253 1396 355 1479 plane
371 1397 462 1480 quod
479 1398 636 1462 omnibus
659 1397 821 1479 deinceps
844 1397 964 1460 futuris
979 1399 1022 1461 ad
1040 1395 1241 1460 imitandum
1269 1403 1381 1480 Pataris

128 1509 384 1580 proponeretur.
394 1500 522 1578 Petrus,
538 1501 682 1564 vicarius
699 1500 823 1566 Christi
838 1500 987 1576 Domini,
1003 1516 1155 1564 summus
1177 1496 1242 1560 Ec·
1262 1469 1385 1534 periculo.

127 1601 252 1665 clesiae
268 1605 420 1683 antistes,
436 1604 470 1667 in
486 1604 630 1682 vincula,
654 1605 802 1670 Herodis
825 1605 957 1669 scelesti
981 1605 1083 1682 iussu,
1098 1602 1241 1667 traditus
1267 1569 1421 1684 mmm

127 1715 199 1768 erat
216 1715 395 1790 certaeque
410 1709 598 1774 destinatus
615 1709 738 1790 morti;
765 1693 856 1773 illinc
879 1719 917 1774 ut
932 1709 1090 1772 evaderet
1106 1707 1189 1771 nihil
1207 1708 1240 1770 in
1267 1698 1420 1815 qrmullisab

126 1831 301 1894 quoquam
329 1825 400 1879 erat
427 1816 510 1897 opis,
526 1816 608 1880 nihil
625 1816 754 1883 auxilii.
771 1817 818 1892 At
842 1816 926 1880 illud
943 1837 1021 1880 vero
1038 1814 1156 1878 auxilii
1173 1833 1240 1876 non
1267 1780 1397 1880 argiritius

128 1915 245 1979 deerat
262 1919 354 2001 quod
371 1921 522 2003 precatio
537 1932 655 1987 sancta
672 1923 779 1987 aDeo
795 1921 964 1986 conciliat:
981 1920 1108 1985 scilicet
1126 1919 1239 1983 Eccle-
1258 1895 1409 2022 slff-{jffi‚

128 2021 189 2098 sia,
205 2025 298 2104 quod
314 2024 430 2088 divina
447 2023 545 2090 refert
569 2026 718 2106 historia,
734 2026 1000 2109 impensissimas
1017 2045 1078 2108 pro
1094 2023 1152 2086 illo
1168 2044 1240 2107 pre·

129 2143 185 2187 ces
203 2123 383 2192 fundebat:
407 2129 524 2193 Oratio
550 2131 774 2214 autemfiebat
788 2131 859 2196 sine
875 2128 1114 2194 intermissione
1129 2128 1170 2192 ab
1179 2124 1240 2193 Ec·

126 2227 226 2292 clesia
249 2228 300 2294 red
311 2229 421 2295 Deum
444 2243 504 2315 pro
529 2233 619 2316 co(¹)
634 2259 641 2298 :
656 2235 847 2318 agebatque
871 2253 989 2298 omnes
1012 2253 1053 2296 eo
1068 2233 1242 2298 ardentius

128 2335 292 2416 precandi
319 2338 479 2416 studium,
496 2359 562 2421 quo
589 2340 695 2404 acrior
720 2360 901 2404 aerumnae
917 2345 1033 2404 tantae
1050 2338 1243 2402 sollicitudo

129 2437 319 2502 mordebat.
346 2439 394 2505 Ut
422 2461 501 2506 vero
525 2442 699 2507 orantibus
723 2454 802 2508 vota
826 2443 1054 2522 successerint,
1070 2451 1243 2524 comperta

128 2559 181 2602 res
210 2551 284 2604 est:
310 2543 445 2608 Petrum
484 2544 621 2610 mirifice
656 2546 834 2610 liberatum
867 2547 1067 2610 christianus
1097 2533 1242 2627 populus

129 2644 274 2706 memori
306 2665 440 2730 semper
470 2648 598 2713 laetitia
629 2651 910 2715 concelebrat.-
928 2649 1097 2731 insignius
1128 2659 1240 2714 autern
1266 2665 1417 2730 exemplum-

128 2745 327 2828 exemplum
365 2751 586 2834 divinumque
623 2753 730 2818 edidit
761 2753 923 2831 Christus,
954 2771 1022 2836 quo
1054 2752 1241 2815 Ecclesiam
1267 2747 1314 2796 W
1332 2736 1418 2794 W

128 2867 226 2912 suam
254 2872 322 2916 non
349 2855 458 2919 solum
484 2857 682 2939 praeceptis,
698 2876 812 2920 verum
840 2858 942 2920 etiam
970 2858 1013 2920 de
1041 2877 1077 2919 se
1103 2855 1176 2937 ipse
1199 2857 1241 2920 ad
1267 2795 1418 2925 poqssaqqq.

127 2979 265 3026 omnem
295 2959 441 3024 erudiret
469 2969 502 3024 et
529 2959 690 3025 formaret
716 2961 942 3026 sanctitatem.
959 2958 1028 3042 Qui
1045 2979 1191 3042 namque
1208 2959 1241 3022 in
1267 2926 1410 3043 ’ἑῖἷῖᾗῇ

127 3065 223 3130 omni
251 3065 320 3128 vita
347 3073 417 3128 tam
445 3062 653 3148 frequentem
680 3075 713 3128 et
741 3061 881 3128 effusam
908 3063 1080 3148 precando
1102 3082 1240 3145 operam
1267 3059 1299 3107 Μ’
1317 3058 1387 3170 '‘55²‘’

128 3167 281 3246 dederat,
297 3167 442 3249 ipsemet
457 3167 521 3232 sub
536 3167 636 3232 horas
652 3178 834 3244 extremas,
849 3187 952 3250 quum
970 3168 1003 3229 in
1020 3165 1242 3230 Gethsemani
1267 3137 1329 3173 oran
1342 3139 1372 3173 ἐ’

128 3274 238 3350 horto,
254 3269 389 3354 perfuso
414 3271 580 3336 immensa
610 3271 763 3335 amaritie
795 3272 920 3347 animo,
947 3269 1167 3351 oblangueret
1199 3270 1240 3334 ad

129 3383 285 3451 mortem,
300 3385 373 3438 tum
390 3394 471 3438 vero
488 3375 633 3452 Patrem,
649 3394 716 3438 non
741 3374 861 3438 orabat
877 3374 989 3449 modo,
1005 3374 1064 3438 sed
1074 3371 1242 3454 prolin'us

128 3477 247 3543 orabat
260 3477 312 3561 (²).
337 3475 457 3561 Neque
474 3479 536 3542 sibi
563 3477 716 3561 profecto
743 3479 776 3542 id
804 3477 893 3556 fecit,
908 3477 990 3540 nihil
1007 3477 1140 3540 timenti
1158 3475 1240 3540 nihil

129 3584 254 3666 egenti,
277 3581 354 3648 Deo
367 3603 375 3662 ;
400 3584 459 3646 sed
485 3581 564 3646 fecit
592 3582 699 3660 nobis,
714 3580 793 3648 fecit
822 3581 995 3645 Ecclesiae
1021 3599 1125 3657 suae;
1148 3580 1242 3643 cuius

129 3687 260 3750 futuras
276 3705 391 3767 preces
407 3693 441 3750 et
458 3685 611 3748 lacrimas
639 3686 705 3749 iam
733 3695 805 3748 turn
831 3683 939 3749 libens
955 3683 1138 3766 volensque
1154 3682 1188 3746 in
1206 3701 1242 3746 se

129 3789 295 3871 recipiens
312 3787 474 3854 fecundas
490 3790 619 3872 gratiae
635 3787 813 3854 efficiebat.

174 3893 247 3960 Ubi
274 3913 354 3957 vero
378 3913 437 3976 per
475 3894 672 3976 mysterium
701 3891 818 3958 Crucis
849 3892 982 3975 generis
1013 3891 1118 3956 nostri
1150 3891 1240 3955 salus
1266 3898 1417 3978 cadmia-

128 4006 279 4082 peracta,
295 4005 396 4081 atque
412 3999 562 4062 eiusdem
578 3999 778 4062 administra
800 3997 928 4074 salutis,
941 3995 1103 4074 Ecclesia,
1124 3997 1240 4061 trium·
1261 3980 1419 4095 mma

127 4103 262 4188 phaute
278 4098 423 4178 Christo,
438 4101 575 4166 condita
591 4101 623 4164 in
642 4101 736 4166 terris
753 4099 881 4181 riteque
905 4099 1090 4162 constituta
1106 4109 1166 4176 est,
1183 4119 1240 4163 no·
1260 4105 1345 4161 preces
1363 4111 1401 4145 re-

127 4223 193 4268 vus
209 4221 258 4266 ex
274 4219 314 4264 eo
329 4210 482 4284 tempore
497 4203 530 4266 in
544 4201 707 4287 populum
721 4221 845 4265 novum
859 4202 944 4264 ordo
956 4201 1163 4282 providentis
1176 4199 1240 4264 Dei
1265 4161 1419 4288 mistis

157 4331 652 4392 Lmssmss-ahmnmffi
