<?xml version="1.0" encoding="UTF-8"?>
<!DOCTYPE html PUBLIC "-//W3C//DTD XHTML 1.0 Transitional//EN"
    "http://www.w3.org/TR/xhtml1/DTD/xhtml1-transitional.dtd">
<html xmlns="http://www.w3.org/1999/xhtml" xml:lang="en" lang="en">
 <head>
  <title>
</title>
<meta http-equiv="Content-Type" content="text/html;charset=utf-8" />
  <meta name='ocr-system' content='tesseract 3.04.00' />
  <meta name='ocr-capabilities' content='ocr_page ocr_carea ocr_par ocr_line ocrx_word'/>
</head>
<body>
  <div class='ocr_page' id='page_1' title='image "./sanctissimidomi01xiiigoog_0087.png"; bbox 0 0 3296 4886; ppageno 0'>
   <div class='ocr_carea' id='block_1_1' title="bbox 769 418 1089 499">
    <p class='ocr_par' dir='ltr' id='par_1_1' title="bbox 769 418 1089 499">
     <span class='ocr_line' id='line_1_1' title="bbox 769 418 1089 499; baseline 0.003 -2"><span class='ocrx_word' id='word_1_1' title='bbox 769 418 1089 499; x_wconf 88' lang='lat' dir='ltr'><strong>EPISTOLA</strong></span> 
     </span>
    </p>
   </div>
   <div class='ocr_carea' id='block_1_2' title="bbox 408 761 1086 855">
    <p class='ocr_par' dir='ltr' id='par_1_2' title="bbox 408 761 1086 855">
     <span class='ocr_line' id='line_1_2' title="bbox 408 761 1086 855; baseline -0.009 -27"><span class='ocrx_word' id='word_1_2' title='bbox 408 826 413 855; x_wconf 27' lang='grc' dir='ltr'><em>ζ</em></span> <span class='ocrx_word' id='word_1_3' title='bbox 773 761 1086 822; x_wconf 77' lang='lat' dir='ltr'>nnsononrs</span> 
     </span>
    </p>
   </div>
   <div class='ocr_carea' id='block_1_3' title="bbox 231 1029 1486 1136">
    <p class='ocr_par' dir='ltr' id='par_1_3' title="bbox 231 1029 1486 1136">
     <span class='ocr_line' id='line_1_3' title="bbox 231 1029 1486 1136; baseline 0.006 -43"><span class='ocrx_word' id='word_1_4' title='bbox 231 1051 310 1136; x_wconf 44' lang='lat' dir='ltr'>Mjiqs</span> <span class='ocrx_word' id='word_1_5' title='bbox 374 1029 642 1106; x_wconf 51' lang='lat' dir='ltr'>suffultum</span> <span class='ocrx_word' id='word_1_6' title='bbox 663 1031 867 1114; x_wconf 85' lang='lat' dir='ltr'>coniunctim</span> <span class='ocrx_word' id='word_1_7' title='bbox 885 1051 905 1095; x_wconf 94' lang='lat' dir='ltr'>a</span> <span class='ocrx_word' id='word_1_8' title='bbox 925 1032 1020 1094; x_wconf 89' lang='lat' dir='ltr'>vobis</span> <span class='ocrx_word' id='word_1_9' title='bbox 1042 1031 1246 1114; x_wconf 83' lang='lat' dir='ltr'>perscriptae</span> <span class='ocrx_word' id='word_1_10' title='bbox 1259 1044 1336 1096; x_wconf 92' lang='lat' dir='ltr'>sunt</span> <span class='ocrx_word' id='word_1_11' title='bbox 1354 1034 1486 1100; x_wconf 85' lang='lat' dir='ltr'>litterae</span> 
     </span>
    </p>
   </div>
   <div class='ocr_carea' id='block_1_4' title="bbox 229 1091 1486 1422">
    <p class='ocr_par' dir='ltr' id='par_1_4' title="bbox 229 1091 1486 1422">
     <span class='ocr_line' id='line_1_4' title="bbox 303 1091 1486 1350; baseline 0.003 -152"><span class='ocrx_word' id='word_1_12' title='bbox 303 1185 309 1198; x_wconf 91' lang='lat'><strong>.</strong></span> <span class='ocrx_word' id='word_1_13' title='bbox 374 1091 559 1350; x_wconf 43' lang='grc' dir='ltr'>ᾐῌ-Ξ-Ιξ</span> <span class='ocrx_word' id='word_1_14' title='bbox 581 1157 625 1198; x_wconf 90' lang='lat' dir='ltr'>ex</span> <span class='ocrx_word' id='word_1_15' title='bbox 653 1137 736 1198; x_wconf 90' lang='lat' dir='ltr'>aede</span> <span class='ocrx_word' id='word_1_16' title='bbox 766 1134 1054 1217; x_wconf 90' lang='lat' dir='ltr'>Archiepiscopali</span> <span class='ocrx_word' id='word_1_17' title='bbox 1082 1133 1388 1215; x_wconf 90' lang='lat' dir='ltr'>Neo-Eboracensi‚</span> <span class='ocrx_word' id='word_1_18' title='bbox 1414 1158 1486 1220; x_wconf 92' lang='lat' dir='ltr'>quo</span> 
     </span>
     <span class='ocr_line' id='line_1_5' title="bbox 374 1237 1485 1328; baseline 0.003 -27"><span class='ocrx_word' id='word_1_19' title='bbox 374 1259 399 1328; x_wconf 64' lang='lat' dir='ltr'>q</span> <span class='ocrx_word' id='word_1_20' title='bbox 533 1238 728 1324; x_wconf 59' lang='lat' dir='ltr'>pcoivistis</span> <span class='ocrx_word' id='word_1_21' title='bbox 754 1237 997 1300; x_wconf 84' lang='lat' dir='ltr'>consecrationi</span> <span class='ocrx_word' id='word_1_22' title='bbox 1019 1237 1294 1320; x_wconf 83' lang='lat' dir='ltr'>Broolrlyniensis</span> <span class='ocrx_word' id='word_1_23' title='bbox 1323 1239 1485 1322; x_wconf 89' lang='lat' dir='ltr'>Episcopi</span> 
     </span>
     <span class='ocr_line' id='line_1_6' title="bbox 229 1313 1484 1422; baseline 0 -14"><span class='ocrx_word' id='word_1_24' title='bbox 229 1313 334 1376; x_wconf 77' lang='lat' dir='ltr'>Pergra-</span> <span class='ocrx_word' id='word_1_25' title='bbox 372 1332 560 1408; x_wconf 52' lang='lat' dir='ltr'>munit</span> <span class='ocrx_word' id='word_1_26' title='bbox 582 1340 877 1422; x_wconf 81' lang='lat' dir='ltr'>adfuturi„duplici</span> <span class='ocrx_word' id='word_1_27' title='bbox 896 1340 968 1404; x_wconf 91' lang='lat' dir='ltr'>Nos</span> <span class='ocrx_word' id='word_1_28' title='bbox 984 1341 1157 1422; x_wconf 90' lang='lat' dir='ltr'>voluptate</span> <span class='ocrx_word' id='word_1_29' title='bbox 1173 1341 1364 1408; x_wconf 85' lang='lat' dir='ltr'>affecerunt.</span> <span class='ocrx_word' id='word_1_30' title='bbox 1387 1343 1484 1408; x_wconf 89' lang='lat' dir='ltr'>Pate·</span> 
     </span>
    </p>
   </div>
   <div class='ocr_carea' id='block_1_5' title="bbox 195 1379 346 1427">
    <p class='ocr_par' dir='ltr' id='par_1_5' title="bbox 195 1379 346 1427">
     <span class='ocr_line' id='line_1_7' title="bbox 195 1379 346 1427; baseline 0.007 -1"><span class='ocrx_word' id='word_1_31' title='bbox 195 1383 235 1426; x_wconf 79' lang='lat' dir='ltr'>!ac</span> <span class='ocrx_word' id='word_1_32' title='bbox 261 1379 346 1427; x_wconf 82' lang='lat' dir='ltr'>Ponti·</span> 
     </span>
    </p>
   </div>
   <div class='ocr_carea' id='block_1_6' title="bbox 187 1443 1484 1630">
    <p class='ocr_par' dir='ltr' id='par_1_6' title="bbox 187 1443 1484 1630">
     <span class='ocr_line' id='line_1_8' title="bbox 187 1443 1483 1559; baseline 0.002 -51"><span class='ocrx_word' id='word_1_33' title='bbox 187 1443 348 1559; x_wconf 43' lang='lat' dir='ltr'>msam</span> <span class='ocrx_word' id='word_1_34' title='bbox 374 1447 432 1510; x_wconf 93' lang='lat' dir='ltr'>bat</span> <span class='ocrx_word' id='word_1_35' title='bbox 448 1447 537 1509; x_wconf 88' lang='lat' dir='ltr'>enim</span> <span class='ocrx_word' id='word_1_36' title='bbox 554 1467 599 1509; x_wconf 91' lang='lat' dir='ltr'>ex</span> <span class='ocrx_word' id='word_1_37' title='bbox 626 1446 666 1508; x_wconf 92' lang='lat' dir='ltr'>iis</span> <span class='ocrx_word' id='word_1_38' title='bbox 689 1447 821 1508; x_wconf 89' lang='lat' dir='ltr'>animus</span> <span class='ocrx_word' id='word_1_39' title='bbox 837 1455 946 1508; x_wconf 91' lang='lat' dir='ltr'>vester</span> <span class='ocrx_word' id='word_1_40' title='bbox 966 1465 1042 1508; x_wconf 91' lang='lat' dir='ltr'>cum</span> <span class='ocrx_word' id='word_1_41' title='bbox 1054 1444 1097 1508; x_wconf 90' lang='lat' dir='ltr'>de</span> <span class='ocrx_word' id='word_1_42' title='bbox 1123 1444 1278 1528; x_wconf 92' lang='lat' dir='ltr'>religiosa</span> <span class='ocrx_word' id='word_1_43' title='bbox 1302 1467 1483 1528; x_wconf 92' lang='lat' dir='ltr'>puerorum</span> 
     </span>
     <span class='ocr_line' id='line_1_9' title="bbox 195 1548 1484 1630; baseline 0.003 -18"><span class='ocrx_word' id='word_1_44' title='bbox 195 1581 251 1622; x_wconf 61' lang='lat' dir='ltr'>mm</span> <span class='ocrx_word' id='word_1_45' title='bbox 281 1575 345 1624; x_wconf 65' lang='lat' dir='ltr'>nm.</span> <span class='ocrx_word' id='word_1_46' title='bbox 373 1551 584 1614; x_wconf 90' lang='lat' dir='ltr'>institutione</span> <span class='ocrx_word' id='word_1_47' title='bbox 603 1549 774 1628; x_wconf 91' lang='lat' dir='ltr'>sollicitus,</span> <span class='ocrx_word' id='word_1_48' title='bbox 790 1559 861 1614; x_wconf 91' lang='lat' dir='ltr'>tum</span> <span class='ocrx_word' id='word_1_49' title='bbox 879 1548 1072 1612; x_wconf 80' lang='lat' dir='ltr'>effundendi</span> <span class='ocrx_word' id='word_1_50' title='bbox 1095 1549 1236 1630; x_wconf 91' lang='lat' dir='ltr'>cupidus</span> <span class='ocrx_word' id='word_1_51' title='bbox 1252 1551 1484 1616; x_wconf 87' lang='lat' dir='ltr'>dubitationes</span> 
     </span>
    </p>
   </div>
   <div class='ocr_carea' id='block_1_7' title="bbox 196 1647 1484 1768">
    <p class='ocr_par' dir='ltr' id='par_1_7' title="bbox 196 1647 1484 1768">
     <span class='ocr_line' id='line_1_10' title="bbox 196 1647 1484 1768; baseline 0.002 -50"><span class='ocrx_word' id='word_1_52' title='bbox 196 1647 348 1768; x_wconf 46' lang='grc' dir='ltr'>ἀξὲἔζὶξέ</span> <span class='ocrx_word' id='word_1_53' title='bbox 373 1663 407 1719; x_wconf 92' lang='lat' dir='ltr'>et</span> <span class='ocrx_word' id='word_1_54' title='bbox 433 1655 624 1719; x_wconf 85' lang='lat' dir='ltr'>anxietates</span> <span class='ocrx_word' id='word_1_55' title='bbox 645 1675 723 1719; x_wconf 89' lang='lat' dir='ltr'>suas</span> <span class='ocrx_word' id='word_1_56' title='bbox 747 1655 780 1716; x_wconf 93' lang='lat' dir='ltr'>in</span> <span class='ocrx_word' id='word_1_57' title='bbox 812 1654 977 1738; x_wconf 88' lang='lat' dir='ltr'>gremium</span> <span class='ocrx_word' id='word_1_58' title='bbox 1011 1654 1183 1729; x_wconf 90' lang='lat' dir='ltr'>Nostrum,</span> <span class='ocrx_word' id='word_1_59' title='bbox 1207 1673 1339 1736; x_wconf 85' lang='lat' dir='ltr'>semper</span> <span class='ocrx_word' id='word_1_60' title='bbox 1364 1655 1484 1720; x_wconf 88' lang='lat' dir='ltr'>adeas</span> 
     </span>
    </p>
   </div>
   <div class='ocr_carea' id='block_1_8' title="bbox 196 1756 1484 1842">
    <p class='ocr_par' dir='ltr' id='par_1_8' title="bbox 196 1756 1484 1842">
     <span class='ocr_line' id='line_1_11' title="bbox 196 1756 1484 1842; baseline 0.002 -24"><span class='ocrx_word' id='word_1_61' title='bbox 196 1770 277 1818; x_wconf 63' lang='lat' dir='ltr'>zelum</span> <span class='ocrx_word' id='word_1_62' title='bbox 323 1778 347 1820; x_wconf 72' lang='lat' dir='ltr'>er</span> <span class='ocrx_word' id='word_1_63' title='bbox 372 1757 743 1842; x_wconf 90' lang='lat' dir='ltr'>benigneexcipiendas</span> <span class='ocrx_word' id='word_1_64' title='bbox 753 1757 977 1840; x_wconf 87' lang='lat' dir='ltr'>paratumNe</span> <span class='ocrx_word' id='word_1_65' title='bbox 987 1757 1067 1839; x_wconf 93' lang='lat' dir='ltr'>quid</span> <span class='ocrx_word' id='word_1_66' title='bbox 1078 1757 1318 1836; x_wconf 89' lang='lat' dir='ltr'>itaquevestris</span> <span class='ocrx_word' id='word_1_67' title='bbox 1328 1756 1484 1822; x_wconf 85' lang='lat' dir='ltr'>haereret</span> 
     </span>
    </p>
   </div>
   <div class='ocr_carea' id='block_1_9' title="bbox 193 1835 1483 1950">
    <p class='ocr_par' dir='ltr' id='par_1_9' title="bbox 193 1835 1483 1950">
     <span class='ocr_line' id='line_1_12' title="bbox 193 1835 1483 1950; baseline -0.003 -20"><span class='ocrx_word' id='word_1_68' title='bbox 193 1835 345 1950; x_wconf 51' lang='lat' dir='ltr'>p&#39;g‘msssssissss</span> <span class='ocrx_word' id='word_1_69' title='bbox 372 1862 541 1926; x_wconf 90' lang='lat' dir='ltr'>mentibus</span> <span class='ocrx_word' id='word_1_70' title='bbox 558 1863 647 1946; x_wconf 92' lang='lat' dir='ltr'>quod</span> <span class='ocrx_word' id='word_1_71' title='bbox 664 1863 784 1926; x_wconf 88' lang='lat' dir='ltr'>anxias</span> <span class='ocrx_word' id='word_1_72' title='bbox 800 1862 873 1925; x_wconf 89' lang='lat' dir='ltr'>illas</span> <span class='ocrx_word' id='word_1_73' title='bbox 897 1870 931 1926; x_wconf 94' lang='lat' dir='ltr'>et</span> <span class='ocrx_word' id='word_1_74' title='bbox 947 1862 1089 1924; x_wconf 90' lang='lat' dir='ltr'>incertas</span> <span class='ocrx_word' id='word_1_75' title='bbox 1105 1859 1259 1939; x_wconf 90' lang='lat' dir='ltr'>efficeret,</span> <span class='ocrx_word' id='word_1_76' title='bbox 1274 1862 1362 1926; x_wconf 88' lang='lat' dir='ltr'>datis</span> <span class='ocrx_word' id='word_1_77' title='bbox 1384 1863 1483 1927; x_wconf 90' lang='lat' dir='ltr'>vicis-</span> 
     </span>
    </p>
   </div>
   <div class='ocr_carea' id='block_1_10' title="bbox 194 1963 1484 2160">
    <p class='ocr_par' dir='ltr' id='par_1_10' title="bbox 194 1963 1484 2160">
     <span class='ocr_line' id='line_1_13' title="bbox 205 1963 1484 2046; baseline 0.002 -18"><span class='ocrx_word' id='word_1_78' title='bbox 205 1967 342 2046; x_wconf 52' lang='lat' dir='ltr'>declarant.</span> <span class='ocrx_word' id='word_1_79' title='bbox 371 1966 434 2028; x_wconf 91' lang='lat' dir='ltr'>sim</span> <span class='ocrx_word' id='word_1_80' title='bbox 448 1965 566 2030; x_wconf 91' lang='lat' dir='ltr'>litteris</span> <span class='ocrx_word' id='word_1_81' title='bbox 594 1987 652 2030; x_wconf 92' lang='lat' dir='ltr'>vos</span> <span class='ocrx_word' id='word_1_82' title='bbox 669 1967 761 2030; x_wconf 90' lang='lat' dir='ltr'>adire</span> <span class='ocrx_word' id='word_1_83' title='bbox 780 1965 987 2030; x_wconf 88' lang='lat' dir='ltr'>decrevimus</span> <span class='ocrx_word' id='word_1_84' title='bbox 1005 1988 1012 2028; x_wconf 93' lang='lat'><strong>:</strong></span> <span class='ocrx_word' id='word_1_85' title='bbox 1029 1963 1128 2026; x_wconf 91' lang='lat' dir='ltr'>hasce</span> <span class='ocrx_word' id='word_1_86' title='bbox 1144 1973 1257 2028; x_wconf 91' lang='lat' dir='ltr'>autem</span> <span class='ocrx_word' id='word_1_87' title='bbox 1286 1985 1352 2029; x_wconf 91' lang='lat' dir='ltr'>non</span> <span class='ocrx_word' id='word_1_88' title='bbox 1377 1968 1484 2030; x_wconf 93' lang='lat' dir='ltr'>modo</span> 
     </span>
     <span class='ocr_line' id='line_1_14' title="bbox 194 2032 1482 2160; baseline -0.001 -26"><span class='ocrx_word' id='word_1_89' title='bbox 194 2032 346 2160; x_wconf 37' lang='lat' dir='ltr'>gagii&amp;</span> <span class='ocrx_word' id='word_1_90' title='bbox 372 2071 510 2134; x_wconf 92' lang='lat' dir='ltr'>nuncias</span> <span class='ocrx_word' id='word_1_91' title='bbox 526 2070 768 2135; x_wconf 89' lang='lat' dir='ltr'>essevolumus</span> <span class='ocrx_word' id='word_1_92' title='bbox 793 2079 953 2152; x_wconf 88' lang='lat' dir='ltr'>paternae</span> <span class='ocrx_word' id='word_1_93' title='bbox 969 2089 1048 2150; x_wconf 87' lang='lat' dir='ltr'>erga</span> <span class='ocrx_word' id='word_1_94' title='bbox 1072 2087 1131 2131; x_wconf 91' lang='lat' dir='ltr'>vos</span> <span class='ocrx_word' id='word_1_95' title='bbox 1158 2068 1306 2132; x_wconf 88' lang='lat' dir='ltr'>caritatis</span> <span class='ocrx_word' id='word_1_96' title='bbox 1324 2069 1482 2148; x_wconf 86' lang='lat' dir='ltr'>Nostrae,</span> 
     </span>
    </p>
   </div>
   <div class='ocr_carea' id='block_1_11' title="bbox 194 2163 1481 2359">
    <p class='ocr_par' dir='ltr' id='par_1_11' title="bbox 194 2163 1481 2359">
     <span class='ocr_line' id='line_1_15' title="bbox 194 2163 1481 2278; baseline 0 -41"><span class='ocrx_word' id='word_1_97' title='bbox 194 2163 344 2278; x_wconf 40' lang='lat' dir='ltr'>„miii</span> <span class='ocrx_word' id='word_1_98' title='bbox 371 2175 429 2238; x_wconf 92' lang='lat' dir='ltr'>sed</span> <span class='ocrx_word' id='word_1_99' title='bbox 447 2175 548 2239; x_wconf 90' lang='lat' dir='ltr'>etiam</span> <span class='ocrx_word' id='word_1_100' title='bbox 565 2183 668 2240; x_wconf 89' lang='lat' dir='ltr'>testes</span> <span class='ocrx_word' id='word_1_101' title='bbox 692 2174 925 2238; x_wconf 89' lang='lat' dir='ltr'>sollicitudinis</span> <span class='ocrx_word' id='word_1_102' title='bbox 945 2193 1047 2255; x_wconf 90' lang='lat' dir='ltr'>quam</span> <span class='ocrx_word' id='word_1_103' title='bbox 1074 2172 1221 2254; x_wconf 84' lang='lat' dir='ltr'>gerimus</span> <span class='ocrx_word' id='word_1_104' title='bbox 1252 2175 1294 2236; x_wconf 89' lang='lat' dir='ltr'>de</span> <span class='ocrx_word' id='word_1_105' title='bbox 1322 2171 1481 2238; x_wconf 87' lang='lat' dir='ltr'>fidelibus</span> 
     </span>
     <span class='ocr_line' id='line_1_16' title="bbox 335 2265 1479 2359; baseline -0.001 -17"><span class='ocrx_word' id='word_1_106' title='bbox 335 2265 342 2288; x_wconf 84' lang='grc'><strong>’</strong></span> <span class='ocrx_word' id='word_1_107' title='bbox 370 2278 612 2358; x_wconf 90' lang='lat' dir='ltr'>amplissimam</span> <span class='ocrx_word' id='word_1_108' title='bbox 623 2279 846 2342; x_wconf 91' lang='lat' dir='ltr'>incolentibus</span> <span class='ocrx_word' id='word_1_109' title='bbox 859 2277 1028 2359; x_wconf 85' lang='lat' dir='ltr'>regionem</span> <span class='ocrx_word' id='word_1_110' title='bbox 1040 2274 1283 2340; x_wconf 78' lang='lat' dir='ltr'>foederatarum</span> <span class='ocrx_word' id='word_1_111' title='bbox 1301 2277 1479 2341; x_wconf 89' lang='lat' dir='ltr'>civitatum</span> 
     </span>
    </p>
   </div>
   <div class='ocr_carea' id='block_1_12' title="bbox 191 2380 1480 2568">
    <p class='ocr_par' dir='ltr' id='par_1_12' title="bbox 191 2380 1480 2568">
     <span class='ocr_line' id='line_1_17' title="bbox 303 2380 1480 2466; baseline -0.006 -15"><span class='ocrx_word' id='word_1_112' title='bbox 303 2445 308 2456; x_wconf 85' lang='lat'>.</span> <span class='ocrx_word' id='word_1_113' title='bbox 370 2383 549 2450; x_wconf 86' lang='lat' dir='ltr'>Americae</span> <span class='ocrx_word' id='word_1_114' title='bbox 566 2381 854 2466; x_wconf 89' lang='lat' dir='ltr'>Septentrionalis,</span> <span class='ocrx_word' id='word_1_115' title='bbox 869 2401 956 2464; x_wconf 91' lang='lat' dir='ltr'>quae</span> <span class='ocrx_word' id='word_1_116' title='bbox 972 2391 1108 2462; x_wconf 91' lang='lat' dir='ltr'>propter</span> <span class='ocrx_word' id='word_1_117' title='bbox 1124 2380 1338 2454; x_wconf 90' lang='lat' dir='ltr'>incrementa,</span> <span class='ocrx_word' id='word_1_118' title='bbox 1354 2381 1480 2463; x_wconf 87' lang='lat' dir='ltr'>quibus</span> 
     </span>
     <span class='ocr_line' id='line_1_18' title="bbox 191 2451 1478 2568; baseline -0.008 -12"><span class='ocrx_word' id='word_1_119' title='bbox 191 2451 345 2559; x_wconf 44' lang='lat' dir='ltr'>eutimii?</span> <span class='ocrx_word' id='word_1_120' title='bbox 369 2509 406 2553; x_wconf 91' lang='lat' dir='ltr'>se</span> <span class='ocrx_word' id='word_1_121' title='bbox 422 2489 497 2552; x_wconf 92' lang='lat' dir='ltr'>istic</span> <span class='ocrx_word' id='word_1_122' title='bbox 521 2487 670 2568; x_wconf 90' lang='lat' dir='ltr'>explicat</span> <span class='ocrx_word' id='word_1_123' title='bbox 701 2487 867 2550; x_wconf 88' lang='lat' dir='ltr'>catholica</span> <span class='ocrx_word' id='word_1_124' title='bbox 892 2487 1016 2568; x_wconf 90' lang='lat' dir='ltr'>religio,</span> <span class='ocrx_word' id='word_1_125' title='bbox 1033 2494 1067 2547; x_wconf 92' lang='lat' dir='ltr'>et</span> <span class='ocrx_word' id='word_1_126' title='bbox 1084 2501 1241 2565; x_wconf 89' lang='lat' dir='ltr'>praesens</span> <span class='ocrx_word' id='word_1_127' title='bbox 1259 2483 1367 2547; x_wconf 86' lang='lat' dir='ltr'>Nobis</span> <span class='ocrx_word' id='word_1_128' title='bbox 1393 2503 1478 2566; x_wconf 89' lang='lat' dir='ltr'>gau·</span> 
     </span>
    </p>
   </div>
   <div class='ocr_carea' id='block_1_13' title="bbox 192 2588 1478 2690">
    <p class='ocr_par' dir='ltr' id='par_1_13' title="bbox 192 2588 1478 2690">
     <span class='ocr_line' id='line_1_19' title="bbox 192 2588 1478 2690; baseline -0.007 -29"><span class='ocrx_word' id='word_1_129' title='bbox 192 2589 342 2690; x_wconf 56' lang='lat' dir='ltr'>m&#39;ssmffiijj</span> <span class='ocrx_word' id='word_1_130' title='bbox 368 2591 462 2656; x_wconf 91' lang='lat' dir='ltr'>dium</span> <span class='ocrx_word' id='word_1_131' title='bbox 479 2589 585 2667; x_wconf 86' lang='lat' dir='ltr'>affert,</span> <span class='ocrx_word' id='word_1_132' title='bbox 595 2600 628 2654; x_wconf 92' lang='lat' dir='ltr'>et</span> <span class='ocrx_word' id='word_1_133' title='bbox 644 2609 752 2654; x_wconf 90' lang='lat' dir='ltr'>rerum</span> <span class='ocrx_word' id='word_1_134' title='bbox 770 2588 944 2653; x_wconf 92' lang='lat' dir='ltr'>laetiorum</span> <span class='ocrx_word' id='word_1_135' title='bbox 959 2589 990 2650; x_wconf 93' lang='lat' dir='ltr'>in</span> <span class='ocrx_word' id='word_1_136' title='bbox 1005 2595 1176 2670; x_wconf 86' lang='lat' dir='ltr'>posterum</span> <span class='ocrx_word' id='word_1_137' title='bbox 1193 2589 1478 2668; x_wconf 84' lang='lat' dir='ltr'>expectationem.</span> 
     </span>
    </p>
   </div>
   <div class='ocr_carea' id='block_1_14' title="bbox 192 2691 1480 2772">
    <p class='ocr_par' dir='ltr' id='par_1_14' title="bbox 192 2691 1480 2772">
     <span class='ocr_line' id='line_1_20' title="bbox 192 2691 1480 2772; baseline 0.001 -19"><span class='ocrx_word' id='word_1_138' title='bbox 192 2719 249 2753; x_wconf 79' lang='lat' dir='ltr'>nem</span> <span class='ocrx_word' id='word_1_139' title='bbox 261 2714 343 2770; x_wconf 81' lang='lat' dir='ltr'>nuper</span> <span class='ocrx_word' id='word_1_140' title='bbox 369 2695 473 2759; x_wconf 84' lang='lat' dir='ltr'>Plane</span> <span class='ocrx_word' id='word_1_141' title='bbox 485 2701 568 2757; x_wconf 89' lang='lat' dir='ltr'>haec</span> <span class='ocrx_word' id='word_1_142' title='bbox 578 2693 769 2756; x_wconf 91' lang='lat' dir='ltr'>sollicitudo</span> <span class='ocrx_word' id='word_1_143' title='bbox 782 2693 853 2755; x_wconf 91' lang='lat' dir='ltr'>Nos</span> <span class='ocrx_word' id='word_1_144' title='bbox 863 2711 961 2754; x_wconf 92' lang='lat' dir='ltr'>curae</span> <span class='ocrx_word' id='word_1_145' title='bbox 971 2698 1128 2772; x_wconf 88' lang='lat' dir='ltr'>expertes</span> <span class='ocrx_word' id='word_1_146' title='bbox 1140 2710 1213 2752; x_wconf 86' lang='lat' dir='ltr'>esse</span> <span class='ocrx_word' id='word_1_147' title='bbox 1223 2711 1290 2753; x_wconf 93' lang='lat' dir='ltr'>non</span> <span class='ocrx_word' id='word_1_148' title='bbox 1302 2691 1378 2753; x_wconf 91' lang='lat' dir='ltr'>sivit</span> <span class='ocrx_word' id='word_1_149' title='bbox 1389 2692 1480 2754; x_wconf 90' lang='lat' dir='ltr'>inter</span> 
     </span>
    </p>
   </div>
   <div class='ocr_carea' id='block_1_15' title="bbox 239 2778 1479 2900">
    <p class='ocr_par' dir='ltr' id='par_1_15' title="bbox 239 2778 1479 2900">
     <span class='ocr_line' id='line_1_21' title="bbox 239 2778 1479 2900; baseline 0.002 -45"><span class='ocrx_word' id='word_1_150' title='bbox 239 2778 342 2900; x_wconf 56' lang='lat' dir='ltr'>pm</span> <span class='ocrx_word' id='word_1_151' title='bbox 368 2799 611 2862; x_wconf 85' lang='lat' dir='ltr'>controversias</span> <span class='ocrx_word' id='word_1_152' title='bbox 623 2805 658 2860; x_wconf 90' lang='lat' dir='ltr'>et</span> <span class='ocrx_word' id='word_1_153' title='bbox 669 2796 914 2878; x_wconf 87' lang='lat' dir='ltr'>disputationes</span> <span class='ocrx_word' id='word_1_154' title='bbox 927 2814 1033 2876; x_wconf 87' lang='lat' dir='ltr'>nuper</span> <span class='ocrx_word' id='word_1_155' title='bbox 1048 2793 1122 2855; x_wconf 93' lang='lat' dir='ltr'>istic</span> <span class='ocrx_word' id='word_1_156' title='bbox 1138 2803 1228 2856; x_wconf 92' lang='lat' dir='ltr'>ortas</span> <span class='ocrx_word' id='word_1_157' title='bbox 1245 2803 1278 2854; x_wconf 90' lang='lat' dir='ltr'>et</span> <span class='ocrx_word' id='word_1_158' title='bbox 1290 2794 1410 2856; x_wconf 89' lang='lat' dir='ltr'>animis</span> <span class='ocrx_word' id='word_1_159' title='bbox 1424 2795 1479 2856; x_wconf 91' lang='lat' dir='ltr'>in-</span> 
     </span>
    </p>
   </div>
   <div class='ocr_carea' id='block_1_16' title="bbox 199 2896 1479 2982">
    <p class='ocr_par' dir='ltr' id='par_1_16' title="bbox 199 2896 1479 2982">
     <span class='ocr_line' id='line_1_22' title="bbox 199 2896 1479 2982; baseline -0.002 -19"><span class='ocrx_word' id='word_1_160' title='bbox 199 2903 337 2950; x_wconf 66' lang='lat' dir='ltr'>conventra-</span> <span class='ocrx_word' id='word_1_161' title='bbox 366 2901 609 2966; x_wconf 90' lang='lat' dir='ltr'>calescentibus</span> <span class='ocrx_word' id='word_1_162' title='bbox 640 2909 732 2964; x_wconf 90' lang='lat' dir='ltr'>actas</span> <span class='ocrx_word' id='word_1_163' title='bbox 771 2908 907 2980; x_wconf 90' lang='lat' dir='ltr'>propter</span> <span class='ocrx_word' id='word_1_164' title='bbox 936 2897 1195 2961; x_wconf 92' lang='lat' dir='ltr'>conventionem</span> <span class='ocrx_word' id='word_1_165' title='bbox 1232 2896 1350 2982; x_wconf 87' lang='lat' dir='ltr'>initam</span> <span class='ocrx_word' id='word_1_166' title='bbox 1386 2898 1479 2961; x_wconf 90' lang='lat' dir='ltr'>inter</span> 
     </span>
    </p>
   </div>
   <div class='ocr_carea' id='block_1_17' title="bbox 190 2967 1477 3084">
    <p class='ocr_par' dir='ltr' id='par_1_17' title="bbox 190 2967 1477 3084">
     <span class='ocr_line' id='line_1_23' title="bbox 190 2967 1420 3018; baseline 0 -4"><span class='ocrx_word' id='word_1_167' title='bbox 190 2981 248 3014; x_wconf 83' lang='lat' dir='ltr'>nem</span> <span class='ocrx_word' id='word_1_168' title='bbox 290 2967 340 3016; x_wconf 83' lang='lat' dir='ltr'>ini-</span> <span class='ocrx_word' id='word_1_169' title='bbox 528 3005 535 3018; x_wconf 92' lang='lat'><em>.</em></span> <span class='ocrx_word' id='word_1_170' title='bbox 903 3003 911 3017; x_wconf 92' lang='lat'><strong><em>.</em></strong></span> <span class='ocrx_word' id='word_1_171' title='bbox 959 3003 967 3016; x_wconf 88' lang='grc'><strong>.</strong></span> <span class='ocrx_word' id='word_1_172' title='bbox 1267 3001 1273 3014; x_wconf 93' lang='grc'><strong>.</strong></span> <span class='ocrx_word' id='word_1_173' title='bbox 1356 3001 1385 3015; x_wconf 94' lang='grc'>..</span> <span class='ocrx_word' id='word_1_174' title='bbox 1412 3001 1420 3014; x_wconf 94' lang='grc'><strong>.</strong></span> 
     </span>
     <span class='ocr_line' id='line_1_24' title="bbox 204 2999 1477 3084; baseline -0.003 -16"><span class='ocrx_word' id='word_1_175' title='bbox 204 3038 257 3080; x_wconf 84' lang='lat' dir='ltr'>tam</span> <span class='ocrx_word' id='word_1_176' title='bbox 274 3032 342 3081; x_wconf 67' lang='lat' dir='ltr'>inter</span> <span class='ocrx_word' id='word_1_177' title='bbox 366 3003 604 3068; x_wconf 77' lang='lat' dir='ltr'>Venerabilem</span> <span class='ocrx_word' id='word_1_178' title='bbox 630 3003 781 3066; x_wconf 88' lang='lat' dir='ltr'>Fratrem</span> <span class='ocrx_word' id='word_1_179' title='bbox 807 3003 1108 3084; x_wconf 85' lang='lat' dir='ltr'>Archreprscopum</span> <span class='ocrx_word' id='word_1_180' title='bbox 1127 2999 1162 3066; x_wconf 90' lang='lat' dir='ltr'>S.</span> <span class='ocrx_word' id='word_1_181' title='bbox 1179 3000 1274 3063; x_wconf 87' lang='lat' dir='ltr'>Paulr</span> <span class='ocrx_word' id='word_1_182' title='bbox 1299 3011 1333 3063; x_wconf 92' lang='lat' dir='ltr'>et</span> <span class='ocrx_word' id='word_1_183' title='bbox 1357 2999 1477 3064; x_wconf 89' lang='lat' dir='ltr'>crvrles</span> 
     </span>
    </p>
   </div>
   <div class='ocr_carea' id='block_1_18' title="bbox 187 3097 1477 3224">
    <p class='ocr_par' dir='ltr' id='par_1_18' title="bbox 187 3097 1477 3224">
     <span class='ocr_line' id='line_1_25' title="bbox 187 3097 1477 3224; baseline -0.003 -52"><span class='ocrx_word' id='word_1_184' title='bbox 187 3097 339 3224; x_wconf 52' lang='lat' dir='ltr'>scffi‘psl&#39;·</span> <span class='ocrx_word' id='word_1_185' title='bbox 367 3109 582 3192; x_wconf 88' lang='lat' dir='ltr'>magistratus</span> <span class='ocrx_word' id='word_1_186' title='bbox 598 3110 684 3172; x_wconf 92' lang='lat' dir='ltr'>circa</span> <span class='ocrx_word' id='word_1_187' title='bbox 701 3108 784 3171; x_wconf 91' lang='lat' dir='ltr'>duas</span> <span class='ocrx_word' id='word_1_188' title='bbox 800 3106 979 3188; x_wconf 90' lang='lat' dir='ltr'>epluribus</span> <span class='ocrx_word' id='word_1_189' title='bbox 992 3103 1114 3167; x_wconf 91' lang='lat' dir='ltr'>scholis</span> <span class='ocrx_word' id='word_1_190' title='bbox 1124 3103 1375 3185; x_wconf 87' lang='lat' dir='ltr'>paroecialibus,</span> <span class='ocrx_word' id='word_1_191' title='bbox 1387 3125 1477 3187; x_wconf 87' lang='lat' dir='ltr'>quas</span> 
     </span>
    </p>
   </div>
   <div class='ocr_carea' id='block_1_19' title="bbox 221 3208 1475 3276">
    <p class='ocr_par' dir='ltr' id='par_1_19' title="bbox 221 3208 1475 3276">
     <span class='ocr_line' id='line_1_26' title="bbox 221 3208 1475 3276; baseline -0.002 -1"><span class='ocrx_word' id='word_1_192' title='bbox 221 3227 301 3276; x_wconf 76' lang='lat' dir='ltr'>Pauli</span> <span class='ocrx_word' id='word_1_193' title='bbox 316 3235 341 3276; x_wconf 72' lang='lat' dir='ltr'>et</span> <span class='ocrx_word' id='word_1_194' title='bbox 365 3211 420 3276; x_wconf 89' lang='lat' dir='ltr'>ille</span> <span class='ocrx_word' id='word_1_195' title='bbox 435 3214 625 3276; x_wconf 86' lang='lat' dir='ltr'>considerat</span> <span class='ocrx_word' id='word_1_196' title='bbox 638 3212 745 3276; x_wconf 90' lang='lat' dir='ltr'>multo</span> <span class='ocrx_word' id='word_1_197' title='bbox 760 3232 837 3275; x_wconf 91' lang='lat' dir='ltr'>cum</span> <span class='ocrx_word' id='word_1_198' title='bbox 854 3213 966 3274; x_wconf 90' lang='lat' dir='ltr'>studio</span> <span class='ocrx_word' id='word_1_199' title='bbox 982 3210 1014 3272; x_wconf 95' lang='lat' dir='ltr'>in</span> <span class='ocrx_word' id='word_1_200' title='bbox 1032 3208 1158 3272; x_wconf 90' lang='lat' dir='ltr'>credita</span> <span class='ocrx_word' id='word_1_201' title='bbox 1174 3209 1238 3272; x_wconf 91' lang='lat' dir='ltr'>sibi</span> <span class='ocrx_word' id='word_1_202' title='bbox 1252 3209 1414 3276; x_wconf 90' lang='lat' dir='ltr'>Dioecesi.</span> <span class='ocrx_word' id='word_1_203' title='bbox 1430 3209 1475 3274; x_wconf 93' lang='lat' dir='ltr'>In</span> 
     </span>
    </p>
   </div>
   <div class='ocr_carea' id='block_1_20' title="bbox 187 3292 1475 3420">
    <p class='ocr_par' dir='ltr' id='par_1_20' title="bbox 187 3292 1475 3420">
     <span class='ocr_line' id='line_1_27' title="bbox 187 3292 1475 3420; baseline 0.004 -48"><span class='ocrx_word' id='word_1_204' title='bbox 187 3292 338 3420; x_wconf 52' lang='lat' dir='ltr'>‘iffisssss</span> <span class='ocrx_word' id='word_1_205' title='bbox 364 3315 462 3380; x_wconf 92' lang='lat' dir='ltr'>huius</span> <span class='ocrx_word' id='word_1_206' title='bbox 486 3319 627 3381; x_wconf 90' lang='lat' dir='ltr'>miserae</span> <span class='ocrx_word' id='word_1_207' title='bbox 642 3316 900 3380; x_wconf 87' lang='lat' dir='ltr'>concertationis</span> <span class='ocrx_word' id='word_1_208' title='bbox 916 3324 1010 3377; x_wconf 85' lang='lat' dir='ltr'>aestu</span> <span class='ocrx_word' id='word_1_209' title='bbox 1028 3314 1148 3376; x_wconf 93' lang='lat' dir='ltr'>mirum</span> <span class='ocrx_word' id='word_1_210' title='bbox 1183 3330 1249 3376; x_wconf 94' lang='lat' dir='ltr'>non</span> <span class='ocrx_word' id='word_1_211' title='bbox 1266 3323 1317 3376; x_wconf 89' lang='lat' dir='ltr'>est</span> <span class='ocrx_word' id='word_1_212' title='bbox 1342 3313 1369 3375; x_wconf 93' lang='lat' dir='ltr'>si</span> <span class='ocrx_word' id='word_1_213' title='bbox 1386 3313 1475 3378; x_wconf 84' lang='lat' dir='ltr'>falsa</span> 
     </span>
    </p>
   </div>
   <div class='ocr_carea' id='block_1_21' title="bbox 185 3419 1475 3711">
    <p class='ocr_par' dir='ltr' id='par_1_21' title="bbox 185 3419 1475 3711">
     <span class='ocr_line' id='line_1_28' title="bbox 186 3419 1475 3504; baseline -0.001 -21"><span class='ocrx_word' id='word_1_214' title='bbox 186 3422 256 3472; x_wconf 76' lang='lat' dir='ltr'>circa</span> <span class='ocrx_word' id='word_1_215' title='bbox 274 3425 338 3472; x_wconf 76' lang='lat' dir='ltr'>duas</span> <span class='ocrx_word' id='word_1_216' title='bbox 364 3439 605 3504; x_wconf 90' lang='lat' dir='ltr'>nonnunquam</span> <span class='ocrx_word' id='word_1_217' title='bbox 622 3421 859 3485; x_wconf 90' lang='lat' dir='ltr'>nunciarentur</span> <span class='ocrx_word' id='word_1_218' title='bbox 871 3439 933 3502; x_wconf 91' lang='lat' dir='ltr'>pro</span> <span class='ocrx_word' id='word_1_219' title='bbox 945 3419 1029 3482; x_wconf 91' lang='lat' dir='ltr'>veris</span> <span class='ocrx_word' id='word_1_220' title='bbox 1042 3428 1075 3482; x_wconf 89' lang='lat' dir='ltr'>et</span> <span class='ocrx_word' id='word_1_221' title='bbox 1088 3437 1174 3500; x_wconf 91' lang='lat' dir='ltr'>quae</span> <span class='ocrx_word' id='word_1_222' title='bbox 1184 3421 1368 3500; x_wconf 89' lang='lat' dir='ltr'>suspiciose</span> <span class='ocrx_word' id='word_1_223' title='bbox 1379 3421 1475 3503; x_wconf 88' lang='lat' dir='ltr'>cogi-</span> 
     </span>
     <span class='ocr_line' id='line_1_29' title="bbox 185 3487 1473 3608; baseline 0.002 -20"><span class='ocrx_word' id='word_1_224' title='bbox 185 3487 336 3604; x_wconf 46' lang='lat' dir='ltr'>mas*</span> <span class='ocrx_word' id='word_1_225' title='bbox 362 3531 435 3588; x_wconf 92' lang='lat' dir='ltr'>tata</span> <span class='ocrx_word' id='word_1_226' title='bbox 451 3526 582 3589; x_wconf 79' lang='lat' dir='ltr'>fuerant</span> <span class='ocrx_word' id='word_1_227' title='bbox 602 3525 692 3608; x_wconf 90' lang='lat' dir='ltr'>vulgi</span> <span class='ocrx_word' id='word_1_228' title='bbox 710 3543 841 3587; x_wconf 89' lang='lat' dir='ltr'>rumore</span> <span class='ocrx_word' id='word_1_229' title='bbox 868 3523 1180 3604; x_wconf 89' lang='lat' dir='ltr'>percrebrescerent.</span> <span class='ocrx_word' id='word_1_230' title='bbox 1199 3523 1296 3586; x_wconf 90' lang='lat' dir='ltr'>Haec</span> <span class='ocrx_word' id='word_1_231' title='bbox 1312 3525 1473 3607; x_wconf 90' lang='lat' dir='ltr'>equidem</span> 
     </span>
     <span class='ocr_line' id='line_1_30' title="bbox 362 3626 1474 3711; baseline 0 -20"><span class='ocrx_word' id='word_1_232' title='bbox 362 3631 507 3711; x_wconf 87' lang='lat' dir='ltr'>graviter</span> <span class='ocrx_word' id='word_1_233' title='bbox 523 3629 730 3711; x_wconf 91' lang='lat' dir='ltr'>molesteque</span> <span class='ocrx_word' id='word_1_234' title='bbox 746 3626 884 3691; x_wconf 93' lang='lat' dir='ltr'>tulimus</span> <span class='ocrx_word' id='word_1_235' title='bbox 900 3647 907 3702; x_wconf 92' lang='lat'><strong>;</strong></span> <span class='ocrx_word' id='word_1_236' title='bbox 925 3627 987 3688; x_wconf 92' lang='lat' dir='ltr'>nisi</span> <span class='ocrx_word' id='word_1_237' title='bbox 1010 3627 1099 3688; x_wconf 91' lang='lat' dir='ltr'>enim</span> <span class='ocrx_word' id='word_1_238' title='bbox 1117 3629 1317 3708; x_wconf 89' lang='lat' dir='ltr'>tempestive</span> <span class='ocrx_word' id='word_1_239' title='bbox 1333 3648 1374 3691; x_wconf 91' lang='lat' dir='ltr'>eo</span> <span class='ocrx_word' id='word_1_240' title='bbox 1389 3647 1474 3692; x_wconf 88' lang='lat' dir='ltr'>cura</span> 
     </span>
    </p>
   </div>
   <div class='ocr_carea' id='block_1_22' title="bbox 231 3719 1471 3810">
    <p class='ocr_par' dir='ltr' id='par_1_22' title="bbox 231 3719 1471 3810">
     <span class='ocr_line' id='line_1_31' title="bbox 231 3719 1471 3810; baseline 0.006 -19"><span class='ocrx_word' id='word_1_241' title='bbox 231 3719 334 3768; x_wconf 76' lang='lat' dir='ltr'>Concor·</span> <span class='ocrx_word' id='word_1_242' title='bbox 363 3733 488 3797; x_wconf 93' lang='lat' dir='ltr'>Nostra</span> <span class='ocrx_word' id='word_1_243' title='bbox 504 3753 664 3796; x_wconf 89' lang='lat' dir='ltr'>conversa</span> <span class='ocrx_word' id='word_1_244' title='bbox 680 3733 805 3810; x_wconf 88' lang='lat' dir='ltr'>luisset,</span> <span class='ocrx_word' id='word_1_245' title='bbox 831 3725 1014 3796; x_wconf 88' lang='lat' dir='ltr'>verendum</span> <span class='ocrx_word' id='word_1_246' title='bbox 1031 3741 1102 3795; x_wconf 87' lang='lat' dir='ltr'>erat</span> <span class='ocrx_word' id='word_1_247' title='bbox 1127 3753 1169 3797; x_wconf 92' lang='lat' dir='ltr'>ne</span> <span class='ocrx_word' id='word_1_248' title='bbox 1186 3735 1399 3798; x_wconf 91' lang='lat' dir='ltr'>intercideret</span> <span class='ocrx_word' id='word_1_249' title='bbox 1415 3736 1471 3798; x_wconf 88' lang='lat' dir='ltr'>vel</span> 
     </span>
    </p>
   </div>
   <div class='ocr_carea' id='block_1_23' title="bbox 66 3784 1472 3920">
    <p class='ocr_par' dir='ltr' id='par_1_23' title="bbox 66 3784 1472 3920">
     <span class='ocr_line' id='line_1_32' title="bbox 66 3784 1472 3920; baseline 0.004 -23"><span class='ocrx_word' id='word_1_250' title='bbox 66 3871 97 3897; x_wconf 41' lang='grc' dir='ltr'>ψ</span> <span class='ocrx_word' id='word_1_251' title='bbox 124 3819 127 3825; x_wconf 52' lang='grc'><strong>’</strong></span> <span class='ocrx_word' id='word_1_252' title='bbox 183 3784 254 3898; x_wconf 54' lang='lat' dir='ltr'><em>m</em></span> <span class='ocrx_word' id='word_1_253' title='bbox 277 3786 337 3898; x_wconf 45' lang='grc' dir='ltr'>’ἕξ</span> <span class='ocrx_word' id='word_1_254' title='bbox 363 3857 485 3920; x_wconf 89' lang='lat' dir='ltr'>magna</span> <span class='ocrx_word' id='word_1_255' title='bbox 501 3855 545 3900; x_wconf 89' lang='lat' dir='ltr'>ex</span> <span class='ocrx_word' id='word_1_256' title='bbox 562 3847 656 3918; x_wconf 88' lang='lat' dir='ltr'>parte</span> <span class='ocrx_word' id='word_1_257' title='bbox 669 3836 824 3900; x_wconf 90' lang='lat' dir='ltr'>deficeret</span> <span class='ocrx_word' id='word_1_258' title='bbox 841 3837 988 3918; x_wconf 86' lang='lat' dir='ltr'>perlecta</span> <span class='ocrx_word' id='word_1_259' title='bbox 1003 3837 1190 3900; x_wconf 91' lang='lat' dir='ltr'>animorum</span> <span class='ocrx_word' id='word_1_260' title='bbox 1208 3841 1384 3903; x_wconf 92' lang='lat' dir='ltr'>consensio</span> <span class='ocrx_word' id='word_1_261' title='bbox 1398 3848 1472 3902; x_wconf 90' lang='lat' dir='ltr'>stu-</span> 
     </span>
    </p>
   </div>
   <div class='ocr_carea' id='block_1_24' title="bbox 184 3915 1473 4030">
    <p class='ocr_par' dir='ltr' id='par_1_24' title="bbox 184 3915 1473 4030">
     <span class='ocr_line' id='line_1_33' title="bbox 184 3915 1473 4030; baseline 0.007 -33"><span class='ocrx_word' id='word_1_262' title='bbox 184 3915 337 4030; x_wconf 47' lang='lat' dir='ltr'>‘&#39;Wssm·</span> <span class='ocrx_word' id='word_1_263' title='bbox 361 3942 560 4024; x_wconf 91' lang='lat' dir='ltr'>diorumque</span> <span class='ocrx_word' id='word_1_264' title='bbox 585 3941 814 4004; x_wconf 89' lang='lat' dir='ltr'>communium</span> <span class='ocrx_word' id='word_1_265' title='bbox 832 3941 863 4002; x_wconf 92' lang='lat' dir='ltr'>in</span> <span class='ocrx_word' id='word_1_266' title='bbox 882 3961 984 4002; x_wconf 91' lang='lat' dir='ltr'>unum</span> <span class='ocrx_word' id='word_1_267' title='bbox 1002 3942 1214 4023; x_wconf 90' lang='lat' dir='ltr'>conspirati0,</span> <span class='ocrx_word' id='word_1_268' title='bbox 1230 3963 1331 4024; x_wconf 92' lang='lat' dir='ltr'>quam</span> <span class='ocrx_word' id='word_1_269' title='bbox 1349 3944 1473 4006; x_wconf 91' lang='lat' dir='ltr'>sedulo</span> 
     </span>
    </p>
   </div>
   <div class='ocr_carea' id='block_1_25' title="bbox 178 4045 1472 4335">
    <p class='ocr_par' dir='ltr' id='par_1_25' title="bbox 178 4045 1472 4335">
     <span class='ocr_line' id='line_1_34' title="bbox 182 4045 1471 4129; baseline 0.001 -22"><span class='ocrx_word' id='word_1_270' title='bbox 182 4045 278 4106; x_wconf 70' lang='lat' dir='ltr'>videns,</span> <span class='ocrx_word' id='word_1_271' title='bbox 361 4047 527 4110; x_wconf 88' lang='lat' dir='ltr'>retineant</span> <span class='ocrx_word' id='word_1_272' title='bbox 542 4056 674 4129; x_wconf 87' lang='lat' dir='ltr'>oportet</span> <span class='ocrx_word' id='word_1_273' title='bbox 690 4065 859 4110; x_wconf 90' lang='lat' dir='ltr'>sacrorum</span> <span class='ocrx_word' id='word_1_274' title='bbox 884 4045 1067 4107; x_wconf 90' lang='lat' dir='ltr'>Antistites</span> <span class='ocrx_word' id='word_1_275' title='bbox 1097 4053 1130 4107; x_wconf 91' lang='lat' dir='ltr'>et</span> <span class='ocrx_word' id='word_1_276' title='bbox 1148 4045 1220 4108; x_wconf 90' lang='lat' dir='ltr'>Nos</span> <span class='ocrx_word' id='word_1_277' title='bbox 1243 4045 1355 4108; x_wconf 87' lang='lat' dir='ltr'>lovere</span> <span class='ocrx_word' id='word_1_278' title='bbox 1371 4047 1471 4108; x_wconf 92' lang='lat' dir='ltr'>adni-</span> 
     </span>
     <span class='ocr_line' id='line_1_35' title="bbox 318 4149 1471 4232; baseline 0.002 -20"><span class='ocrx_word' id='word_1_279' title='bbox 318 4214 322 4224; x_wconf 76' lang='grc'>,</span> <span class='ocrx_word' id='word_1_280' title='bbox 361 4150 462 4213; x_wconf 92' lang='lat' dir='ltr'>timur</span> <span class='ocrx_word' id='word_1_281' title='bbox 475 4151 591 4231; x_wconf 91' lang='lat' dir='ltr'>quavis</span> <span class='ocrx_word' id='word_1_282' title='bbox 602 4151 731 4214; x_wconf 89' lang='lat' dir='ltr'>ratione</span> <span class='ocrx_word' id='word_1_283' title='bbox 742 4159 774 4212; x_wconf 89' lang='lat' dir='ltr'>et</span> <span class='ocrx_word' id='word_1_284' title='bbox 785 4169 857 4232; x_wconf 90' lang='lat' dir='ltr'>ope.</span> <span class='ocrx_word' id='word_1_285' title='bbox 870 4151 1050 4231; x_wconf 89' lang='lat' dir='ltr'>Propterea</span> <span class='ocrx_word' id='word_1_286' title='bbox 1061 4169 1226 4212; x_wconf 90' lang='lat' dir='ltr'>memores</span> <span class='ocrx_word' id='word_1_287' title='bbox 1238 4149 1337 4212; x_wconf 89' lang='lat' dir='ltr'>officii</span> <span class='ocrx_word' id='word_1_288' title='bbox 1350 4150 1471 4214; x_wconf 89' lang='lat' dir='ltr'>Nostri</span> 
     </span>
     <span class='ocr_line' id='line_1_36' title="bbox 178 4212 1472 4335; baseline 0.002 -19"><span class='ocrx_word' id='word_1_289' title='bbox 178 4212 334 4327; x_wconf 51' lang='lat' dir='ltr'><em>mrem?</em></span> <span class='ocrx_word' id='word_1_290' title='bbox 361 4249 452 4333; x_wconf 90' lang='lat' dir='ltr'>quod</span> <span class='ocrx_word' id='word_1_291' title='bbox 468 4249 617 4334; x_wconf 88' lang='lat' dir='ltr'>postulat</span> <span class='ocrx_word' id='word_1_292' title='bbox 634 4261 670 4315; x_wconf 94' lang='lat' dir='ltr'>ut</span> <span class='ocrx_word' id='word_1_293' title='bbox 683 4253 715 4314; x_wconf 95' lang='lat' dir='ltr'>in</span> <span class='ocrx_word' id='word_1_294' title='bbox 733 4253 978 4334; x_wconf 90' lang='lat' dir='ltr'>disceptatione</span> <span class='ocrx_word' id='word_1_295' title='bbox 994 4271 1195 4331; x_wconf 85' lang='lat' dir='ltr'>caussarum,</span> <span class='ocrx_word' id='word_1_296' title='bbox 1211 4273 1350 4335; x_wconf 91' lang='lat' dir='ltr'>quarum</span> <span class='ocrx_word' id='word_1_297' title='bbox 1371 4253 1472 4318; x_wconf 93' lang='lat' dir='ltr'>notio</span> 
     </span>
    </p>
   </div>
   <div class='ocr_carea' id='block_1_26' title="bbox 0 0 1652 4886">
    <p class='ocr_par' dir='ltr' id='par_1_26' title="bbox 0 0 1652 4886">
     <span class='ocr_line' id='line_1_37' title="bbox 0 0 1652 4886; baseline 0 7"><span class='ocrx_word' id='word_1_298' title='bbox 0 0 1652 4886; x_wconf 95' lang='lat' dir='ltr'> </span> 
     </span>
    </p>
   </div>
  </div>
 </body>
</html>
