3222 4888
305 309 355 358 DE
382 310 533 363 STUDIIS
562 309 797 360 SCRIPTURAE
824 311 978 363 SACRAE.
1127 318 1198 386 209

89 457 252 524 confictas
279 475 356 544 post
382 473 522 526 eventus
557 464 803 545 praedictiones
829 475 887 528 aut
915 486 960 528 ex
997 468 1141 530 naturali
1167 471 1198 532 vi
1282 481 1319 550 ‚18

91 568 344 643 praesensiones
360 589 368 644 ;
384 589 433 645 ea,
458 587 524 630 non
552 569 619 630 veri
646 568 791 630 nominis
809 569 970 632 miracula
1001 571 1199 654 virtutisque
1263 540 1337 654 ἴεῖς.

91 667 225 732 divinae
235 681 378 748 ostenta,
389 673 447 734 sed
461 670 672 735 admirabilia
684 672 862 752 quaedam,
875 693 1089 755 nequaquam
1104 685 1198 739 natu·

56 819 59 824 .
92 789 149 832 rae
176 773 301 836 viribus
330 776 466 852 maiora,
482 785 540 838 aut
565 776 763 857 praestigias
790 785 823 839 et
851 778 987 859 mythos
1013 779 1200 860 quosdam:

91 877 268 958 evangelia
290 888 325 942 et
340 880 464 961 scripta
480 879 667 960 apostolica
694 878 769 941 aliis
795 877 895 961 plane
922 880 1119 943 auctoribus
1143 883 1199 943 tri-

92 976 236 1046 buenda.
251 1015 291 1026 -
311 982 518 1046 Huiusmodi
534 991 691 1064 portenta
709 1001 867 1056 errorum,
884 983 1009 1065 quibus
1028 1003 1199 1047 sacrosan·
1293 995 1376 1043 Scan·

93 1090 184 1144 ctam
222 1085 412 1148 divinorum
453 1085 631 1148 Librorum
672 1086 848 1149 veritatem
888 1096 1010 1168 putant
1049 1086 1200 1160 convelli,
1226 1063 1378 1186 {J‘Jf‘jfss‘ffl‘

93 1193 269 1268 tamquam
282 1190 471 1253 decretoria
488 1191 708 1271 pronuntiata
734 1209 840 1252 novae
857 1191 1031 1254 cuiusdam
1048 1189 1202 1253 scientiae
1228 1191 1336 1265 tralatas

93 1288 222 1367 liberae,
231 1292 531 1375 obtruduntzquae
547 1302 661 1355 tamen
683 1295 769 1355 adeo
781 1294 907 1358 incerta
918 1294 1053 1375 ipsimet
1065 1293 1201 1370 habent,
1227 1264 1349 1370 imm

93 1404 131 1455 ut
148 1393 275 1458 eisdem
294 1398 326 1459 in
344 1398 443 1460 rebus
460 1397 606 1460 crebrius
630 1399 811 1460 immutent
828 1407 862 1460 et
874 1399 1064 1480 suppleant.
1083 1399 1199 1481 Quum
1260 1435 1377 1486 Nonnul-

92 1517 173 1561 vero
190 1507 261 1562 tam
278 1500 381 1584 impie
395 1503 439 1563 de
456 1501 540 1578 Deo,
557 1502 599 1564 de
612 1501 757 1579 Christo,
773 1502 816 1564 de
830 1501 1019 1583 Evangelio
1031 1513 1064 1566 et
1076 1502 1201 1583 reliqua
1228 1501 1249 1548 12'
1259 1517 1291 1550 ex
1301 1504 1355 1551 illis

93 1603 270 1685 Scriptura
296 1606 443 1668 sentiant
470 1616 504 1668 et
526 1606 731 1687 praedicent,
759 1625 826 1671 non
853 1605 977 1669 desunt
1004 1626 1048 1668 ex
1076 1607 1116 1668 iis
1144 1606 1201 1688 qui
1227 1582 1342 1681 {ww

92 1707 245 1790 theologi
263 1719 296 1772 et
312 1709 485 1772 christiani
511 1720 545 1772 et
573 1709 760 1791 evangelici
788 1709 902 1773 haberi
920 1710 1032 1787 velint,
1048 1721 1082 1774 et
1099 1711 1200 1772 hone·
1228 1707 1370 1814 mm-

91 1812 247 1876 stissimo
263 1813 399 1876 nomine
415 1813 605 1878 obtendant
632 1814 807 1876 insolentis
824 1815 950 1896 ingenii
967 1816 1201 1878 temeritatem.
1229 1830 1375 1893 rerstrunr.

95 1918 162 1980 His
192 1918 323 1980 addunt
351 1937 424 1981 sese
458 1917 675 1981 consiliorum
703 1919 884 2000 participes
916 1918 1153 2001 adiutoresque
1183 1940 1202 1981 e
1290 1947 1378 1996 Rario-

93 2023 214 2083 ceteris
229 2020 414 2103 disciplinis
431 2041 497 2084 non
511 2022 618 2104 pauci,
628 2040 712 2102 quos
724 2019 842 2084 eadem
857 2020 1077 2084 revelatarum
1093 2040 1200 2084 rerum
1228 2012 1329 2126 :m
1339 2028 1364 2061 ³0

95 2125 316 2188 intolerantia
331 2125 373 2187 ad
391 2126 681 2207 oppugnationem
708 2123 894 2186 Bibliorum
920 2121 1074 2186 similiter
1089 2122 1202 2186 trahit.
1229 2145 1328 2191 ,laurete
1344 2159 1378 2193 ce-

93 2229 188 2294 Satis
212 2239 326 2290 autem
342 2229 518 2309 deplorare
548 2247 614 2290 non
632 2246 821 2309 possumus,
836 2245 938 2308 quam
955 2226 1056 2288 latius
1073 2226 1105 2288 in
1130 2226 1201 2287 dies
1226 2209 1378 2336 222ffi1'·

97 2332 275 2414 acriusque
286 2315 289 2319 ’
301 2331 384 2394 haec
401 2333 614 2414 oppugnatio
631 2341 775 2413 geratur.
791 2329 926 2396 Geritur
942 2332 976 2392 in
994 2329 1144 2393 eruditos
1167 2338 1200 2390 et
1220 2340 1379 2469 jamug-

92 2455 216 2517 graves
231 2437 393 2514 homines,
410 2456 615 2518 quamquam
633 2435 679 2497 illi
697 2454 764 2498 non
782 2436 829 2498 ita
845 2433 1026 2499 difficulter
1042 2433 1104 2497 sibi
1123 2453 1199 2514 pos·
1229 2477 1355 2520 naturae

93 2549 175 2604 sunt
200 2559 316 2604 cavere
331 2561 340 2620 ;
354 2549 389 2604 at
412 2541 562 2602 maxime
587 2551 704 2602 contra
730 2540 942 2603 indoctorum
960 2537 1092 2620 'vulgus
1107 2538 1200 2598 omni
1228 2537 1365 2664 mlxv

95 2644 240 2709 consilio
255 2654 290 2707 et
305 2655 375 2708 arte
399 2642 520 2706 infensi
537 2644 652 2707 hostes
669 2643 829 2708 nituntur.
848 2643 969 2720 Libris,
985 2643 1115 2720 libellis,
1131 2643 1201 2705 dia·
1228 2668 1293 2714 aa..
1313 2668 1353 2716 ho-

94 2751 155 2813 riis
172 2747 310 2812 exitiale
322 2749 411 2811 virus
428 2748 609 2812 infundunt
625 2769 633 2825 ;
649 2749 682 2810 id
693 2749 921 2824 concionibus,
943 2747 976 2811 id
990 2746 1201 2810 sermonibus
1230 2748 1349 2860 zm,-

95 2851 272 2915 insinuant
286 2872 294 2929 ;
310 2852 426 2914 omnia
441 2850 506 2914 iarn
524 2871 708 2933 pervasere,
725 2861 760 2915 et
784 2852 907 2915 multas
924 2858 1051 2928 tenent,
1073 2851 1201 2914 abstra-
1231 2866 1315 2924 doctos,

94 2967 170 3021 ctas
181 2957 225 3018 ab
239 2955 410 3018 Ecclesiae
423 2956 538 3032 tutela,
550 2955 816 3019 adolescentium
827 2954 970 3032 scholas,
981 2955 1038 3020 ubi
1053 2955 1205 3018 credulas
1231 2930 1363 3044 :qums-

96 3057 284 3139 mollesque
301 3067 430 3122 mentes
446 3058 488 3121 ad
516 3056 805 3140 contemptionem
825 3056 1030 3138 Scripturae,
1047 3077 1105 3138 per
1121 3056 1205 3118 ludi·
1231 3059 1325 3109 scholis.
1367 3127 1371 3136 Ι

95 3163 208 3226 brium
227 3162 327 3224 etiam
356 3170 390 3224 et
414 3159 566 3223 scurriles
592 3161 693 3237 iocos,
709 3160 898 3240 depravant
926 3159 1058 3222 misere.
1075 3197 1118 3208 —
1136 3158 1205 3220 Ista
1224 3127 1382 3254 sam-,ffssff

94 3275 186 3342 sunt,
198 3263 417 3330 Venerabiles
432 3265 575 3343 Fratres,
584 3283 670 3347 quae
682 3282 861 3327 commune
874 3263 1043 3345 pastorale
1057 3263 1203 3325 studium
1231 3257 1360 3370 2:2³5?qu

95 3378 327 3454 permoveant,
352 3369 535 3433 incendant
549 3390 557 3448 ;
585 3369 633 3432 ita
664 3377 701 3431 ut
726 3367 803 3430 huic
828 3385 935 3430 novae
951 3366 1044 3448 salsi
1064 3366 1206 3429 novnim's
1232 3331 1360 3436 ‚maffia

94 3471 252 3538 scientiae
267 3472 311 3556 (¹)
326 3473 466 3555 antiqua
477 3473 539 3539 illa
555 3483 589 3537 et
605 3493 682 3535 vera
698 3481 899 3555 opponatur,
916 3491 1017 3554 quam
1035 3492 1054 3534 a
1071 3470 1205 3534 Christo
1231 3453 1379 3583 32ζὲφὲζὸ

94 3596 159 3660 per
174 3575 363 3657 Apostolos
379 3577 510 3658 accepit
527 3575 689 3651 Ecclesia,
711 3587 813 3657 atque
830 3574 863 3636 in
881 3574 1097 3638 dimicatione
1110 3583 1205 3635 tanta
1231 3590 1319 3660 ruf-ae·

95 3679 212 3742 idonei
230 3677 422 3742 defensores
439 3677 634 3762 Scripturae
650 3699 765 3742 sacrae
785 3685 963 3760 exurgant.
1229 3656 1341 3698 samua.

144 3782 263 3866 Itaque
290 3803 330 3846 ea
356 3784 464 3864 prima
490 3785 533 3848 sit
563 3804 650 3861 cura,
674 3794 710 3846 ut
742 3784 775 3845 in
804 3783 906 3847 sacris
933 3780 1128 3846 Seminariis
1152 3779 1204 3843 vel
1230 3765 1380 3879 mssfif‘e'j‘f·

96 3889 294 3952 Academiis
311 3889 356 3952 sic
372 3891 512 3952 omnino
528 3891 704 3954 tradantur
721 3889 857 3952 divinae
876 3889 1033 3964 Litterae,
1044 3886 1204 3967 quemad·
1231 3897 1373 3944 Academia

95 3995 237 4056 modum
253 4003 286 4054 et
303 3992 407 4074 ipsius
424 3995 572 4074 gravitas
589 3991 791 4073 disciplinae
807 4004 841 4055 et
858 4003 1047 4072 temporum
1065 3989 1205 4052 necessi·
1230 3977 1380 4076 {zm-,2²5

93 4118 149 4171 tas
165 4104 359 4167 admonent.
377 4101 480 4167 Cuius
506 4103 551 4166 rei
579 4107 708 4179 caussd,
725 4101 807 4195 nihil
835 4101 987 4184 prolecto
1010 4100 1111 4162 debet
1133 4119 1206 4162 esse
1231 4094 1379 4141 rurinrra-

94 4207 267 4288 antiquius
295 4207 531 4288 magistrorum
560 4205 746 4268 delectione
774 4205 1010 4286 prudentizad
1028 4203 1090 4266 hoc
1114 4203 1202 4264 enim
1230 4159 1356 4209 dendus.

129 4327 174 4372 1.I
187 4325 302 4378 Tim.,vt,
315 4338 351 4370 20.

149 4443 205 4486 Acta
219 4442 298 4486 Leonis
312 4443 379 4484 Xlll.
