3216 4880
436 289 487 339 nr:
514 289 673 342 serroms
694 290 895 365 nusrmns.
1139 274 1210 360 269

101 470 174 524 tute
191 460 294 542 probe
310 459 518 522 instituenda
531 457 584 521 vel
602 458 752 522 maxime
770 480 779 537 ;
794 461 842 523 ita
865 469 902 524 ut
919 459 1096 524 saecularis
1114 468 1208 541 pote·
1274 465 1354 550 ij„

100 575 180 641 stas,
203 565 283 628 dum
308 563 454 627 scientiis
477 560 708 626 adolescentes
731 563 935 646 optimisque
957 563 1119 627 doctrinis
1147 562 1207 625 im·
1271 563 1347 623 ’894-

99 667 253 732 buendos
269 676 373 744 curat,
388 686 473 748 quae
488 665 531 729 ad
549 685 727 730 commune
739 666 865 730 bonum
879 668 1057 749 pertinent,
1070 668 1207 730 eosdem
1236 677 1365 754 conjungi.

61 795 63 798 ·
99 783 191 833 recta
208 789 337 833 morum
354 769 534 850 disciplina
549 790 588 833 ac
613 769 774 852 religione
791 771 985 837 formandos
1001 771 1091 850 velit,
1106 772 1209 852 idque
1236 749 1352 855 {22:5⁸5

99 895 159 956 per
176 873 346 937 Ecclesiae
359 873 599 956 magisterium,
613 874 850 957 Ecclesiaeque
860 875 963 939 ductu
976 895 1015 939 ac
1025 874 1209 957 vigilantia.
1231 874 1386 984 praesetrrjm·

100 979 204 1061 Spem
222 979 345 1042 bonam
364 978 524 1054 fovemus,
550 971 614 1042 hoc
638 1000 699 1061 per
724 999 884 1044 novuma
915 981 1034 1044 studiis
1065 979 1208 1062 publicis
1228 953 1383 1066 {lml‘f'

99 1083 260 1164 regundis
275 1083 511 1146 administrum
528 1081 713 1164 perfectum
733 1083 782 1160 iri,
798 1094 834 1148 ut
859 1104 981 1168 nempe
996 1086 1030 1146 in
1047 1083 1207 1148 Austriae
1227 1068 1384 1196 Jrlff‘pfjrfl'*

97 1185 283 1267 gymnasiis
306 1195 340 1247 et
371 1205 450 1248 suus
481 1185 672 1249 hominibus
703 1188 787 1250 sacri
818 1188 945 1252 ordinis
976 1187 1074 1251 detur
1104 1186 1208 1265 locus,
1227 1197 1375 1275 sectamur

96 1286 248 1368 nihilque
260 1295 379 1370 agatur
396 1308 463 1370 quo
480 1296 610 1352 mentes
626 1286 889 1354 adolescentium
906 1291 1066 1354 adversus
1093 1289 1207 1354 catho·
1235 1266 1382 1312 mAusrna.

95 1392 198 1455 licum
216 1411 338 1454 nomen
366 1392 557 1474 concipiant
583 1394 781 1458 inimicitias.
799 1393 936 1460 Certum
968 1405 1080 1461 autem
1099 1395 1207 1458 Nobis

95 1502 158 1571 est,
184 1494 305 1558 dilecte
333 1493 377 1558 fili
410 1495 542 1572 Noster,
569 1505 696 1560 vestras
723 1499 824 1562 etiam
850 1499 999 1563 omnium
1026 1499 1206 1562 industrias

95 1598 131 1659 in
145 1596 232 1661 lianc
249 1608 379 1680 partem
398 1600 536 1662 minime
547 1599 728 1666 defuturas.

143 1701 328 1784 Auspicem
345 1704 478 1768 interim
506 1705 700 1768 caelestium
730 1727 905 1771 munerum
931 1727 970 1770 ac
997 1707 1142 1771 Nostrae
1157 1706 1208 1769 di·

95 1805 252 1869 lectionis
268 1815 398 1886 testem,
414 1809 484 1887 tibi,
511 1809 632 1874 dilecte
649 1809 694 1872 fili
713 1811 845 1889 Noster,
860 1812 1044 1894 ceterisque
1061 1831 1119 1894 per
1135 1811 1206 1874 Au·
1267 1834 1373 1884 Benedi-

97 1911 216 1975 striam
235 1911 422 1996 Episcopis,
437 1911 526 1976 clero
541 1923 575 1977 et
592 1913 745 1979 fidelibus
761 1916 955 1998 vigilantiae
970 1927 1101 1980 vestrae
1116 1936 1207 1979 corn·
1233 1899 1275 1948 ⁶²⁷·

99 2017 221 2092 missis,
235 2016 470 2098 Apostolicam
483 2017 753 2084 benedictionem
765 2031 978 2102 peramanter
988 2023 1208 2104 impertimus.

107 2102 110 2110 ¹
145 2119 275 2183 Datum
294 2120 424 2184 Romae
440 2122 530 2202 apud
550 2121 583 2186 S.
596 2123 731 2187 Petrum
749 2125 805 2188 die
829 2139 843 2188 1
870 2125 953 2189 Maii
985 2137 1208 2202 Mucccxctv,

100 2222 322 2288 Pontificatus
339 2225 456 2288 Nostri
473 2245 562 2290 anno
577 2226 710 2290 decimo
727 2229 880 2310 septimo.

759 2382 853 2448 LEO
889 2383 950 2446 ΡΡ.
970 2382 1073 2446 ΧΙΙΙ.
