3296 4886
475 301 526 351 Du
555 298 722 350 ROSARIO
749 299 920 349 MARlALl.
1208 294 1248 364 15

136 456 311 536 utriusque
343 451 391 514 rei
422 450 637 532 praecipuam
672 467 808 511 causam
838 457 966 512 rectum
997 457 1048 510 est
1078 465 1098 510 a
1128 446 1251 510 virtute
1317 465 1387 548 safir

134 574 305 620 arcessere
331 553 581 634 comprecantis
599 552 711 615 Deum
743 550 934 614 Ecclesiae:
963 571 1024 613 nec
1051 551 1141 614 enim
1169 550 1250 613 satis
1315 536 1388 620 1891ss

134 656 328 740 assequitur
342 655 491 719 humana
509 655 595 718 ratio
619 653 792 736 quomodo
812 653 970 716 restrictis
987 653 1034 716 ita
1051 651 1172 716 finibus
1190 653 1250 721 im·

137 761 271 844 periosa
287 758 438 842 nequitia
453 759 628 836 consistat,
646 756 798 820 Ecclesia
814 776 902 832 vero,
914 758 947 820 in
965 767 1147 838 angustum
1158 776 1249 820 com·

135 864 246 948 pulsa,
270 862 489 928 nihilominus
516 872 587 925 tam
618 859 796 944 magnifice
821 862 942 924 vincat.
957 861 1053 924 Idem
1071 879 1111 924 eo
1128 861 1250 924 rectius
1309 873 1427 951 assuere:

136 969 257 1034 existit
274 967 307 1032 in
324 985 366 1030 eo
381 967 545 1030 bonorum
574 984 705 1048 genere,
723 965 844 1047 quibus
868 963 1020 1030 Ecclesia
1035 964 1190 1028 homines
1206 966 1248 1028 ad
1275 937 1431 1070 Ju‘fflffl

137 1073 250 1138 ultimi
277 1072 358 1136 boni
385 1072 602 1153 adeptionem
629 1071 786 1153 proxime
813 1070 959 1134 adducit.
984 1070 1040 1133 Ad
1066 1069 1131 1132 hoc
1159 1068 1248 1132 enim
1276 1079 1319 1130 ese,
1344 1070 1410 1145 saru-

137 1195 263 1240 mnnus
279 1195 384 1258 quum
401 1184 479 1240 nata
496 1175 549 1252 sit,
566 1173 720 1256 precibus
737 1175 806 1236 suis
823 1193 922 1256 posse
939 1174 1083 1237 multum
1100 1174 1201 1237 debet
1214 1181 1251 1236 ut
1275 1143 1395 1251 mi}

136 1280 274 1345 divinae
290 1279 324 1342 in
341 1279 417 1342 illos
433 1278 667 1360 providentiae
688 1278 1003 1360 misericordiaeque
1019 1278 1103 1341 ordo
1118 1277 1250 1340 exitum

137 1383 265 1448 habeat
280 1391 314 1447 et
329 1381 595 1465 perlectionem:
623 1391 724 1466 atque
752 1381 798 1447 ita
826 1381 981 1445 homines
1005 1401 1080 1446 cum
1099 1381 1251 1446 Ecclesia

140 1497 176 1551 et
206 1507 266 1571 per
298 1486 485 1550 Ecclesiam
528 1495 673 1560 orantes,
704 1506 744 1549 ea
767 1485 905 1550 demum
941 1487 1124 1567 impetrant
1151 1495 1252 1568 atque

139 1590 297 1654 obtinent
321 1608 408 1672 quae
423 1589 516 1654 Deus
541 1589 738 1670 omnipotens
760 1598 835 1652 ante
858 1589 985 1652 sarcrcla
1012 1587 1171 1670 disposuit
1197 1588 1251 1651 do-

141 1693 286 1776 nare(1).
301 1693 360 1757 Ad
388 1693 456 1757 alta
481 1693 692 1774 providentis
709 1692 774 1756 Dei
791 1693 931 1756 consilia
949 1693 1070 1756 mentis
1085 1692 1253 1758 humanae

141 1799 231 1864 acies
245 1798 280 1861 in
297 1797 486 1880 praesentia
498 1796 612 1861 deficit
625 1821 632 1860 :
644 1798 703 1860 sed
715 1797 898 1880 aliqnando
914 1799 986 1875 erit,
1002 1816 1106 1879 quum
1117 1816 1253 1861 caussas

140 1903 464 1983 consecutionesque
480 1921 590 1964 rerum
615 1902 692 1965 Deo
717 1902 791 1982 ipso
818 1909 951 1982 apertas
968 1921 1029 1982 pro
1045 1901 1254 1984 benignitate

141 2027 204 2071 sna
220 2015 440 2084 monstrante,
455 2004 642 2069 dilucidum
661 2005 800 2087 patebit,
816 2005 934 2070 orandi
952 2025 1074 2070 munus
1090 2015 1252 2088 quantam

142 2113 176 2174 in
204 2111 269 2176 hoc
295 2130 405 2174 rernm
432 2129 556 2193 genere
591 2111 659 2174 vim
692 2109 847 2174 habuerit
876 2109 1124 2194 utilitatemque
1150 2112 1252 2192 impe-

143 2217 266 2280 trandi.
284 2216 369 2278 Inde
385 2211 542 2278 eflectum
561 2214 702 2297 patebit,
718 2214 810 2295 quod
827 2234 900 2278 sese
917 2215 1024 2292 multi,
1040 2216 1071 2278 in
1090 2224 1186 2278 tanta
1196 2217 1253 2279 de-

142 2320 276 2404 pravati
304 2318 427 2382 saeculi
454 2317 654 2401 corruptela,
671 2319 820 2400 integros
845 2319 1070 2399 praestiterint
1088 2329 1189 2402 atque
1206 2319 1254 2382 in-¹

142 2426 288 2491 violatos
304 2424 345 2488 ab
360 2425 451 2488 omni
465 2423 715 2506 inquinamento
730 2423 841 2486 camis
854 2434 887 2486 et
900 2424 1046 2506 spiritus,
1058 2425 1257 2510 perficientes

142 2526 433 2610 sanctrficationem
450 2525 485 2588 in
500 2525 617 2588 timore
632 2524 700 2587 Dei
711 2523 767 2607 (2);
776 2525 866 2606 quod
879 2525 944 2602 alii,
954 2524 987 2587 in
1000 2545 1042 2588 eo
1052 2526 1132 2590 dum
1146 2537 1257 2592 essent

143 2641 184 2695 ut
200 2629 331 2712 flagitio
346 2627 570 2709 indulgerent,
586 2627 676 2690 illico
693 2627 756 2690 sibi
772 2628 1043 2709 temperaverint,
1055 2649 1100 2692 ex
1116 2630 1257 2714 ipsoque

143 2733 297 2818 periculo
312 2741 346 2796 et
361 2731 548 2795 tentamine
565 2730 673 2794 bonos
697 2732 847 2813 ceperint
863 2741 980 2796 auctus
996 2733 1149 2812 virtutis;
1166 2737 1257 2816 quod

143 2836 313 2922 prolapsis
329 2835 402 2899 aliis
418 2834 577 2917 impulsio
595 2834 762 2916 quaedam
780 2835 982 2916 permoverit
999 2836 1130 2900 animos
1146 2848 1183 2901 ut
1196 2840 1258 2902 eri·

145 2951 267 3026 gerent
282 2960 318 3004 se
333 2949 367 3004 et
382 2941 416 3004 in
433 2938 655 3021 complexum
674 2939 738 3004 Dei
766 2941 953 3004 miserentis
979 2951 1198 3008 occurrerent.
1214 2981 1258 2992 -

147 3045 246 3110 Haec
261 3044 363 3126 igitur
378 3063 495 3108 omnes
512 3043 602 3126 apud
635 3064 672 3108 se
698 3046 955 3125 perpendentes,
971 3043 1111 3110 fallaciis
1127 3047 1257 3128 antiqui
1301 3075 1434 3125 om„

144 3147 255 3213 hostis
270 3149 373 3212 etiam
389 3155 491 3230 atque
519 3145 622 3212 etiam
648 3147 864 3211 obsecramus
881 3167 924 3211 ne
940 3147 1073 3226 cedant,
1090 3167 1173 3213 neve
1189 3149 1257 3212 ulla
1283 3141 1433 3255 ‘'silurff·

145 3251 290 3318 omnino
305 3269 423 3315 caussa
438 3269 459 3314 a
474 3251 588 3314 studio
604 3259 737 3314 cessent
753 3251 870 3315 orandi
884 3273 892 3330 ;
908 3271 1022 3315 verum
1041 3253 1074 3315 in
1091 3273 1132 3316 eo
1148 3273 1256 3336 perse·
1282 3221 1433 3347 moisi

145 3363 304 3422 verenter
319 3354 516 3431 consistant,
526 3354 598 3418 sine
621 3353 862 3418 intermissione
877 3355 1071 3419 consistant.
1084 3355 1197 3419 Prima
1213 3357 1257 3420 sit
1281 3343 1436 3452 mm

144 3457 214 3523 illis
241 3477 321 3522 cura
347 3458 390 3521 de
416 3477 551 3522 summo
575 3457 677 3536 bono,
693 3467 829 3522 aeterna
845 3458 997 3521 omniurn
1014 3457 1131 3537 salute,
1146 3459 1256 3543 deque
1282 3467 1312 3517 in
1341 3465 1437 3532 premis

145 3560 381 3628 incolumitate
398 3559 570 3626 Ecclesiae
586 3561 821 3646 exposcenda:
848 3571 919 3625 tum
947 3560 1024 3625 licet
1040 3571 1150 3626 cetera
1168 3563 1257 3628 bona
1279 3533 1434 3664 {imra-

146 3664 193 3730 ad
210 3683 309 3728 usum
326 3663 670 3747 commoditatemque
695 3665 785 3730 vitae
809 3673 928 3746 petant
943 3684 962 3728 a
980 3663 1065 3742 Deo,
1081 3667 1184 3730 modo
1200 3685 1256 3732 vo·
1284 3660 1437 3778 musta

146 3773 273 3838 luntati
291 3771 361 3836 eius
377 3771 602 3855 aequissimae
618 3773 841 3856 acquiescant,
858 3773 966 3837 eidem
993 3773 1126 3855 pariter,
1141 3783 1259 3857 optata
1285 3791 1412 3844 acclesiae

145 3875 203 3942 vel
220 3875 422 3942 concesserit
447 3875 499 3940 vel
526 3875 689 3952 abnuerit,
706 3883 847 3958 agentes
874 3877 1010 3958 gratias,
1026 3875 1259 3940 beneficentis·
1285 3855 1438 3986 mm,

146 3982 240 4047 simo
254 3981 361 4065 patri:
388 3999 428 4044 ea
455 3979 600 4064 denique
626 3979 787 4062 religione
812 3988 846 4044 et
862 3979 988 4063 pietate
1003 3999 1080 4043 cum
1098 3978 1173 4044 Deo
1189 3997 1261 4042 ver·
1286 3993 1437 4066 crannum·

145 4093 278 4164 sentur,
307 4103 374 4168 qua
403 4084 501 4149 decet
539 4083 688 4147 maxima
727 4091 762 4147 et
792 4092 935 4166 oportet,
966 4102 1032 4167 qua
1059 4083 1119 4146 viri
1152 4083 1259 4148 sancti
1367 4067 1438 4102 Μ’

182 4326 203 4362 1.
216 4313 243 4359 S.
256 4311 302 4360 Th.
317 4312 350 4368 11,
363 4311 397 4365 11,
409 4327 433 4372 q.
447 4322 564 4369 nxxxrrr,
576 4326 600 4362 a.
612 4327 634 4368 2,
647 4325 677 4360 ex
687 4313 711 4360 S.
726 4312 799 4372 Greg.
813 4311 849 4360 M.
862 4335 892 4348 —
907 4325 928 4359 2.
943 4311 1046 4364 licor..
1059 4321 1107 4364 vn.
1121 4324 1141 4359 1.
