3250 4888
222 447 368 496 Praescnles

214 513 314 562 litterae
315 513 366 576 fir·

214 593 270 627 mae
286 584 368 626 ratae·

256 660 304 708 quc
323 644 367 692 lm·

214 709 332 759 beantur.

398 269 467 353 156
508 283 696 332 urrinnai:
715 271 735 297 “
755 282 983 332 Pnsronmrs
1003 283 1176 333 uuusms
1196 283 1359 332 orricio.
1382 260 1401 284 ’'

396 427 492 491 Haec
507 430 723 492 concedimus
740 438 840 510 atque
857 429 1045 510 elargimur,
1068 431 1288 492 decernentes
1305 437 1504 511 praesentes

394 531 519 593 litteras
536 529 658 608 firmas,
673 530 800 593 validas
816 539 849 594 et
873 529 1023 594 efficaces
1046 551 1178 614 semper
1194 534 1342 596 existere
1359 553 1399 597 ac
1424 531 1507 610 lore,

394 655 538 718 suosque
554 636 721 719 plenarios
733 643 767 698 et
783 635 932 716 integros
949 633 1087 698 effectus
1103 638 1213 701 sortiri
1231 648 1265 701 et
1281 639 1445 714 obtinere,
1461 659 1502 700 ac

394 739 468 816 illis,
483 742 525 803 ad
539 760 623 822 quos
639 749 769 822 spectat
786 747 818 801 et
835 757 896 820 pro
923 749 1075 819 tempore
1091 742 1349 823 quomodolibet
1365 749 1501 824 specta·

394 843 453 922 bit,
469 846 501 907 in
519 845 676 908 omnibus
691 855 729 908 et
741 864 799 926 per
815 844 929 905 omnia
955 842 1147 923 plenissime
1164 843 1352 926 suffragari,
1370 854 1406 908 et
1429 845 1503 907 irri-

393 959 466 1012 tum
497 969 570 1012 esse
596 958 630 1012 et
656 951 756 1012 inane
781 947 808 1010 si
836 947 915 1027 quid
939 967 1035 1010 secus
1063 968 1162 1029 super
1192 949 1245 1011 his
1273 970 1292 1012 a
1318 968 1506 1032 quoquam,

393 1053 511 1134 quavis
523 1053 732 1128 auctoritate,
747 1051 890 1114 scienter
906 1051 957 1115 vel
969 1052 1171 1132 ignoranter,
1187 1053 1368 1134 contigerit
1392 1061 1506 1115 atten-

394 1159 466 1220 tari.
491 1156 569 1219 Non
594 1155 809 1219 obstantibus
836 1155 1134 1218 constitutionibus
1168 1163 1202 1218 et
1227 1154 1505 1218 ordinationibus

396 1259 611 1342 Apostolicis,
620 1261 804 1342 ceterisque
820 1259 996 1322 contrariis
1013 1260 1288 1342 quibuscumque.

438 1364 565 1442 Datum
578 1365 709 1427 Romae
724 1365 813 1446 apud
832 1363 865 1428 S.
883 1365 1018 1426 Petrum
1040 1365 1103 1426 sub
1116 1363 1217 1426 anulo
1242 1364 1422 1428 Piscatoris
1447 1364 1505 1427 die

297 1482 300 1487 ·
393 1481 474 1532 XVII
492 1467 606 1532 Martii
624 1481 852 1545 MDCchcl11‚
870 1465 1087 1531 Pontificatus
1112 1467 1228 1531 Nostri
1252 1487 1342 1532 anno
1365 1467 1509 1532 decimo

395 1581 504 1637 sext0.

896 1658 928 1723 S.
946 1657 1061 1723 CARI).
1077 1657 1415 1725 VANNVTELLI.
