3216 4880
283 289 335 338 ao
362 289 467 340 most
495 288 697 340 uurraaeu
724 287 980 341 couousnrro.
1116 285 1187 356 279

77 458 149 542 filii
173 457 240 520 Dei
253 458 305 539 (1).
322 458 379 522 Ad
395 459 482 522 hanc
499 459 674 535 unitatem,
689 478 775 540 quae
791 459 884 521 nullo
902 469 1054 540 tempore
1072 456 1186 519 Eccle-
1247 460 1337 549 153„
1413 488 1416 496 ν

87 565 152 626 siae
176 563 360 626 catholicae
385 563 576 647 defuitnec
592 573 704 644 potest
721 563 788 626 ulla
804 564 933 626 ratione
949 564 1074 638 deesse,
1090 561 1188 622 sinite
1257 559 1330 622 1894

86 675 122 730 ut
138 687 195 732 vos
211 668 400 745 invitemus,
416 669 642 748 dextramque
656 676 871 749 peramanter
884 669 1102 750 porrigamus.
1120 663 1190 726 Vos

88 771 246 848 Ecclesia,
262 772 450 835 communis
466 791 597 852 parens,
610 773 735 834 iamdiu
749 785 882 835 revocat
894 774 935 834 ad
949 792 993 848 se,
1006 791 1065 834 vos
1078 769 1191 832 catho-

86 877 138 940 lici
148 877 290 939 universi
301 875 448 940 fraterno
458 877 624 938 desiderio
637 887 829 957 expectant,
840 885 875 938 ut
889 885 1003 938 sancte
1016 875 1190 937 nobiscum

86 979 202 1042 colatis
228 980 348 1054 Deum,
375 979 472 1042 unius
490 979 675 1061 Evangelii,
697 979 794 1042 unius
812 977 898 1056 fidei,
913 980 1010 1040 unius
1027 978 1097 1059 spei
1117 995 1190 1058 pro·

87 1081 229 1144 sessione
244 1082 277 1144 in
295 1083 435 1146 caritate
452 1082 598 1164 perfecta
614 1081 791 1146 coniuncti.

128 1185 185 1250 Ad
214 1186 349 1268 plenum
378 1187 611 1268 optatissimae
639 1187 776 1252 unitatis
801 1195 1013 1262 concentum,
1029 1185 1192 1266 reliquum
1240 1191 1371 1270 ‘Catholi-

87 1299 138 1352 est
154 1297 191 1354 ut
203 1291 245 1352 ad
262 1309 328 1367 eos,
344 1301 510 1372 quotquot
526 1301 599 1354 toto
612 1292 692 1354 orbe
702 1301 790 1368 sunt,
802 1291 1067 1371 transgrediatur
1079 1289 1194 1366 oratio,
1214 1263 1371 1389 legemur,

88 1411 228 1472 quorum
254 1394 285 1454 in
311 1394 420 1457 salute
435 1393 492 1457 diu
510 1393 671 1476 evigilant
687 1413 786 1456 curae
801 1393 1091 1475 cogitationesque
1108 1391 1194 1455 Nos·
1222 1389 1282 1437 ἀἰεὶ
1293 1403 1353 1437 com·

87 1504 179 1558 trae:
206 1495 389 1560 catholicos
414 1497 643 1580 intelligimus,
660 1517 745 1579 quos
761 1517 921 1560 romanae
939 1495 1101 1577 professio
1118 1493 1194 1558 fidei
1216 1461 1339 1570 wlff

87 1599 134 1664 uti
159 1599 354 1664 obedientes
379 1601 458 1664 facit
484 1601 704 1682 Apostolicae
732 1599 822 1676 Sedi,
839 1602 884 1662 ita
901 1609 994 1664 tenet
1010 1619 1087 1662 cum
1106 1600 1194 1664 lESU
1222 1581 1372 1700 ffssfffifi

89 1703 259 1770 CHRISTO
274 1707 481 1772 coniunctos.
499 1705 577 1770 Non
595 1708 615 1770 ii
632 1708 769 1789 quidem
786 1707 829 1768 ad
846 1725 959 1767 veram
977 1715 1194 1786 sanctamque
1223 1721 1344 1779 rumpant
1353 1705 1382 1772 ;'

87 1811 252 1874 unitatem
269 1811 475 1888 cohortandi,
488 1812 613 1892 quippe
623 1811 717 1873 cuius
730 1811 797 1872 iam
809 1819 896 1884 sunt,
908 1809 1023 1871 divina
1035 1809 1195 1892 bonitate,

92 1923 288 1994 compotes:
305 1915 463 1978 monendi
481 1925 593 1977 tamen
613 1935 663 1992 ne,
679 1913 933 1996 ingravantibus
950 1913 1096 1994 undique
1113 1913 1196 1992 peri-

90 2015 183 2090 culiS,
217 2035 387 2079 summum
420 2017 496 2080 Dei¹
517 2017 714 2080 beneficium
746 2017 899 2080 socordia
930 2025 1031 2096 atque
1063 2016 1196 2095 ignavia

86 2131 313 2203 corrumpant.
328 2159 372 2170 -
390 2121 500 2185 Huius
517 2123 562 2185 rei
579 2123 696 2204 gratia,
713 2141 798 2202 quae
815 2121 1024 2202 Nosmetipsi
1041 2120 1196 2202 gentibus
1262 2131 1365 2207 moeurs

89 2223 264 2287 catholicis
274 2223 326 2286 vel
338 2225 499 2288 universis
510 2225 562 2286 vel
575 2225 715 2307 singulis
726 2225 808 2288 alias
820 2225 1024 2288 documenta
1035 2223 1197 2299 dedimus,
1224 2196 1357 2326 ffjqffic,

90 2343 135 2387 ex
163 2326 204 2388 iis
230 2325 401 2407 cogitandi
429 2328 617 2409 agendique
645 2347 797 2392 normam
826 2338 1017 2408 opportune
1041 2337 1196 2389 sumant:
1221 2329 1375 2456 §monz

90 2426 242 2510 illudque
268 2429 432 2511 imprimis
457 2431 547 2494 velut
563 2451 730 2494 summam
747 2431 810 2494 sibi
827 2431 936 2512 legem
954 2441 1113 2505 statuant,
1130 2449 1197 2492 ma·
1224 2464 1364 2522 sequantur

87 2534 227 2615 gisterio
257 2535 516 2617 auctoritatique
548 2535 719 2598 Ecclesiae
750 2556 817 2599 non
844 2545 996 2615 anguste,
1023 2556 1089 2598 non
1114 2532 1198 2597 diffi·
1225 2523 1359 2638 §elme

87 2635 218 2716 denter,
245 2638 301 2700 sed
331 2647 404 2702 toto
420 2640 535 2702 animo
550 2647 584 2702 et
600 2641 785 2720 perlibente
802 2640 977 2702 voluntate
992 2639 1148 2703 omnibus
1165 2639 1197 2700 in
1226 2653 1358 2703 mantEc-

87 2737 189 2802 rebus
205 2759 277 2803 esse
294 2744 488 2822 parendum.
505 2741 641 2824 -Qua
657 2743 689 2805 in
708 2763 742 2806 re
754 2743 905 2806 animum
920 2743 1106 2818 advertant,
1117 2740 1199 2803 illud
1226 2720 1363 2834 mum·

89 2861 194 2924 quam
219 2844 318 2907 valde
342 2847 386 2908 sit
414 2847 535 2909 unitati
551 2846 754 2910 christianae
771 2847 1005 2926 perniciosum,
1022 2847 1112 2926 quod
1129 2865 1201 2926 ger·
1227 2849 1368 2915 quaesunt-

90 2969 229 3012 rnanam
256 2949 398 3012 sormam
426 2950 665 3031 notionemque
691 2951 861 3013 Ecclesiae
877 2951 988 3013 varius
1004 2951 1201 3032 opinionum
1227 2911 1379 2978 “sp‘'s‘m

90 3071 184 3117 error
211 3053 336 3144 passim
353 3053 553 3128 obscuravit,
569 3053 701 3117 delevit.
720 3053 770 3116 Ea
787 3055 921 3134 quippe,
939 3054 1004 3116 Dei
1020 3053 1203 3117 conditoris
1229 3046 1370 3159 mm·

89 3158 268 3221 voluntate
293 3177 332 3220 ac
360 3158 461 3233 lussu,
483 3159 625 3222 societas
642 3167 692 3220 est
708 3177 830 3240 genere
846 3177 907 3220 suo
923 3157 1070 3238 perfecta
1087 3181 1095 3235 ;
1111 3159 1203 3219 cuius
1230 3189 1341 3233 naamam,

89 3255 239 3321 officium
271 3277 310 3320 ac
342 3277 463 3319 munus
493 3265 545 3321 est
575 3258 725 3320 imbuere
756 3259 943 3338 praeceptis
976 3258 1204 3338 institutisque
1230 3238 1380 3370 quem}-

90 3358 297 3442 evangelicis
322 3379 428 3440 genus
444 3359 640 3437 humanum,
655 3359 847 3442 tuendaque
864 3361 1058 3440 integritate
1074 3379 1203 3424 morum
1231 3377 1271 3419 rus
1282 3371 1333 3418 ins-

91 3474 127 3530 et
143 3463 402 3528 christianarum
421 3465 665 3528 exercitatione
681 3465 853 3541 virtutum,
870 3465 913 3527 ad
930 3484 1015 3542 eam,
1031 3483 1117 3546 quae
1134 3463 1205 3524 uni·
1231 3433 1383 3564 mmm

92 3571 218 3650 cuique
243 3567 420 3630 hominum
448 3568 621 3649 proposita
648 3569 682 3630 in
699 3569 798 3630 caelis
814 3578 874 3644 est,
891 3567 1084 3632 felicitatem
1100 3567 1205 3630 addu·
1232 3566 1356 3628 artingen-

92 3693 178 3738 cere.
197 3671 435 3754 Quoniamque
450 3671 595 3734 societas
611 3683 671 3746 est,
684 3674 730 3735 uti
746 3672 905 3749 diximus,
917 3671 1206 3753 persecta,idcirco
1232 3633 1383 3746 pppqsueces·

93 3780 165 3844 vim
182 3777 286 3841 habet
301 3775 527 3858 virtutemque
543 3778 642 3853 vitae,
658 3797 724 3840 non
741 3777 952 3840 extrinsecus
968 3778 1132 3852 haustam,
1147 3775 1205 3837 sed
1258 3759 1388 3888 igiffl‘ffi

94 3881 240 3948 consilio
267 3881 383 3944 divino
411 3889 445 3944 et
471 3891 592 3964 suapte
621 3883 741 3944 natura
768 3881 925 3945 insitam:
955 3881 1139 3963 eademque
1165 3882 1208 3944 de
1235 3889 1387 3968 Ecclesiae»

94 4006 219 4053 caussa
245 3985 394 4047 nativam
422 3983 526 4048 habet
553 3985 664 4067 legum
690 3983 904 4074 ferendarum
933 3994 1147 4066 potestatem,
1174 3985 1207 4045 in
1252 3956 1388 4085 qssss‘ffi

95 4091 207 4170 iisque
236 4085 380 4150 ferendis
409 4097 535 4151 rectum
562 4099 613 4152 est
638 4107 712 4150 eam
739 4087 874 4150 subesse
901 4088 1209 4170 nemini:itemque
1255 4087 1386 4150 suijuris,

97 4187 175 4252 aliis
192 4185 225 4247 in
243 4187 350 4260 rebus,
367 4205 453 4266 quae
470 4189 536 4249 sint
553 4188 633 4249 iuris
649 4189 700 4248 sui
716 4196 850 4266 oportet
867 4207 940 4248 esse
953 4186 1100 4249 liberam.
1113 4186 1211 4268 Quae
1267 4155 1391 4281 ,2⁰ssss

130 4321 150 4354 1.
172 4307 268 4364 Ephes,
287 4318 323 4360 tv,
344 4322 376 4365 13·
