3222 4888
306 315 356 364 DE
383 313 532 364 STUDIIS
561 313 796 366 SCRIPTURAE
823 316 976 367 SACRAE.
1127 315 1197 388 225

90 459 258 540 aspirante
275 457 360 535 Deo,
375 459 574 521 censuimus.
594 457 667 521 lam
684 459 727 522 sit
749 468 907 534 vestrum,
930 480 1055 537 curare,
1071 470 1108 523 ut
1131 479 1198 542 qua
1287 527 1319 572 18

90 582 150 643 par
165 571 217 624 est
233 561 393 645 religione
410 563 644 626 custodiantur
659 572 693 626 et
709 563 930 627 observentur
946 565 1013 628 :sic
1029 573 1066 627 ut
1083 564 1197 628 debita
1263 585 1338 628 nor.

91 667 166 730 Deo
181 667 299 748 gratia,
315 667 357 728 de
373 666 630 730 communicatis
658 667 808 730 humano
835 669 949 750 generi
978 669 1120 752 eloquiis
1146 688 1197 732 sa·
1268 639 1341 703 '⁸⁹³'

90 874 181 946 dent,
197 873 348 936 maxime
358 873 399 936 ad
410 893 524 936 sacrae
537 875 720 938 iuventutis
734 873 991 950 institutionem,
1004 895 1090 958 quae
1103 883 1199 939 tanta
1228 818 1345 933 :sienim

90 986 141 1038 est
156 995 236 1038 cura
252 975 378 1039 Nostra
393 988 426 1038 et
443 997 519 1057 spes
537 977 718 1041 Ecclesiae.
743 977 957 1042 Auctoritate
986 977 1143 1040 nimirum
1165 985 1200 1050 et

90 1079 282 1142 hortatione
297 1081 376 1144 date
392 1080 519 1142 alacres
536 1101 684 1162 operam,
700 1090 737 1145 ut
760 1083 794 1144 In
822 1080 1030 1158 Seminariis,
1047 1091 1149 1164 atque
1166 1081 1198 1142 ln

89 1182 285 1246 Academiis
299 1203 388 1268 quae
404 1193 522 1264 parent
538 1185 657 1247 ditioni
674 1195 816 1262 vestrae,
832 1186 915 1248 haec
931 1185 1045 1249 studia
1061 1185 1149 1248 iusto
1166 1186 1199 1247 ln

89 1287 218 1352 honore
234 1289 420 1351 consistant
436 1289 648 1372 vigeantque.
669 1289 804 1372 Integre
829 1289 1038 1373 feliciterque
1053 1291 1201 1372 vigeant,

92 1391 313 1454 moderatrice
341 1391 501 1470 Ecclesia,
526 1395 712 1456 secundum
744 1393 965 1458 saluberrima
996 1393 1200 1457 documenta

91 1507 125 1556 et
141 1495 300 1576 exempla
317 1493 368 1560 Ss.
385 1495 522 1558 Patrum
540 1496 780 1579 laudatamque
804 1497 972 1560 maiorum
986 1494 1200 1560 consuetudi-

92 1617 170 1662 nem
186 1622 193 1662 :
209 1611 311 1682 atque
327 1598 408 1663 talia
424 1621 468 1664 ex
485 1611 675 1682 temporum
692 1621 789 1665 cursu
807 1601 1016 1664 incrementa
1032 1599 1201 1682 accipiant

91 1723 180 1786 quae
195 1724 273 1767 vere
288 1705 355 1768 sint
372 1706 404 1767 in
419 1707 623 1786 praesidium
636 1715 671 1770 et
682 1705 824 1788 gloriam
840 1705 1027 1768 catholicae
1040 1705 1202 1780 veritatis,

90 1817 192 1872 natac
208 1809 368 1872 divinitus
384 1809 426 1872 ad
444 1829 624 1890 perennem
636 1810 836 1891 populorum
854 1809 1060 1874 salutem-
1072 1807 1202 1874 Omnes
1265 1858 1267 1863 .
1292 1852 1383 1902 clerus

90 1913 237 1996 denique
253 1914 407 1978 alumnos
424 1925 457 1977 et
473 1915 691 1978 administros
709 1915 880 1978 Ecclesiae
897 1925 1036 1996 paterna
1062 1914 1202 1977 caritate
1228 1918 1307 1994 sacris
1325 1917 1381 1967 Lir-

91 2015 324 2094 admonemus,
340 2028 376 2080 ut
393 2017 435 2080 ad
461 2037 571 2080 sacras
598 2017 743 2082 Litteras
771 2019 896 2082 adeant
919 2037 1053 2080 summo
1069 2037 1203 2098 semper
1228 1989 1363 2098 Ξᾜὲζή

92 2119 216 2185 affectu
233 2123 437 2184 reverentiae
453 2131 487 2186 et
503 2123 662 2203 pietatis:
690 2141 904 2204 nequaquam
932 2123 1023 2186 enirn
1052 2121 1201 2202 ipsarum
1230 2129 1361 2228 mm

91 2224 316 2305 intelligentia
346 2223 535 2288 salutariter
562 2235 598 2288 ut
629 2246 715 2307 opus
753 2235 804 2288 est
835 2235 950 2306 patere
984 2233 1107 2306 potest,
1138 2223 1201 2286 nisi
1224 2243 1381 2310 pretatisaf-

90 2331 223 2392 remota
253 2328 411 2392 scientiae
444 2337 590 2391 terrenae
629 2330 831 2412 arrogantia,
869 2329 1050 2410 studioque
1087 2337 1203 2392 sancte
1221 2309 1302 2374 fectu.

89 2433 244 2496 excitato
259 2433 330 2494 eius
345 2451 428 2514 quae
441 2431 613 2495 desursum
639 2442 687 2496 est
711 2433 905 2515 sapientiae.
930 2431 1035 2495 Cuius
1052 2432 1085 2494 in
1103 2431 1202 2494 disci-

91 2537 221 2619 plinam
238 2536 341 2599 semel
357 2537 506 2598 admissa
523 2557 626 2614 mens,
643 2546 745 2619 atque
771 2535 851 2599 inde
875 2534 1039 2598 illustrata
1056 2543 1090 2598 et
1106 2535 1203 2598 robo-

91 2651 175 2716 rata,
192 2641 274 2704 mire
299 2641 424 2704 valebit
449 2651 485 2704 ut
515 2641 616 2704 etiam
645 2641 815 2704 humanae
837 2641 997 2704 scientiae
1014 2659 1100 2722 quae
1124 2648 1203 2703 sunt

91 2745 227 2808 fraudes
242 2745 421 2826 dignoscat
437 2755 470 2807 et
486 2746 577 2820 vitet,
593 2745 650 2827 qui
667 2753 746 2807 sunt
771 2745 870 2808 solidi
896 2744 1023 2807 tructus
1040 2743 1204 2826 percipiat

91 2861 125 2914 et
142 2849 187 2912 ad
203 2859 340 2914 aeterna
355 2849 495 2914 reserat:
511 2851 590 2913 inde
607 2851 796 2930 potissime·
810 2851 1035 2914 exardescens
1063 2849 1204 2925 animus,

90 2951 135 3016 ad
152 2951 382 3015 emolumenta
398 2953 530 3015 virtutis
546 2961 579 3014 et
596 2951 701 3014 divini
730 2951 853 3014 amoris
876 2952 994 3032 spiritu
1024 2949 1202 3014 vehemen-

90 3056 178 3118 tiore
194 3055 375 3118 contendet
391 3079 398 3118 :
413 3054 511 3116 Beati
523 3054 584 3136 qui
595 3054 986 3118 scrutanturtestimonia
999 3053 1077 3130 eius,
1094 3053 1129 3116 in
1140 3061 1204 3118 toto

91 3159 188 3222 corde
202 3159 380 3240 exquirunt
394 3160 490 3242 erem(
509 3159 530 3241 ).

138 3265 213 3326 Iam
237 3263 341 3325 divini
369 3263 485 3326 auxilii
512 3283 572 3344 spe
601 3262 675 3325 freti
703 3273 736 3325 et
764 3261 925 3344 pastorali
952 3259 1066 3324 studio
1090 3269 1203 3322 vestro

91 3366 221 3443 confisI,
238 3366 472 3447 Apostolicam
496 3367 777 3443 benedictionem,
804 3364 998 3428 caelestium
1026 3383 1201 3426 munerum
1258 3427 1260 3434 ,

90 3473 264 3554 auspicem
283 3471 493 3554 Nostraeque
509 3473 686 3555 sIngularis
696 3468 953 3536 benevolentiae
964 3467 1202 3541 testem,v0bis

91 3576 262 3652 omnibus,
278 3574 499 3658 universoque
516 3575 614 3640 Clero
630 3583 664 3638 et
681 3575 807 3658 populo
834 3571 975 3656 singulis
998 3571 1203 3648 concredit0,

92 3687 309 3762 peramanter
324 3679 356 3742 in
375 3679 525 3742 Domino
548 3681 768 3761 impertImus.

139 3785 267 3848 Datum
298 3786 427 3850 Romae
454 3788 544 3868 apud
570 3785 604 3852 S.
629 3787 764 3850 Petrum
792 3785 847 3848 die
874 3797 970 3848 xvt11
998 3782 1203 3847 Novembris

94 3901 327 3969 MDCCCXCIII,
344 3889 564 3954 Pontificatus
582 3890 696 3954 Nostri
713 3910 803 3953 anno
815 3888 948 3952 decimo
964 3897 1072 3950 sexto.

759 4025 855 4090 LEO
881 4026 944 4090 PP.
969 4025 1072 4089 XIII.

125 4220 148 4253 r.
164 4206 202 4254 Pr,
216 4215 295 4261 xvnr,
307 4221 329 4253 2.

172 4443 228 4484 neu
242 4441 319 4483 leonis
330 4441 399 4483 XIII.
