3250 4888
479 306 529 356 DE
549 306 665 356 SECTA
684 303 904 356 MASSONUM.
1186 301 1247 350 121

140 477 217 522 carn
234 457 438 538 religionem,
455 456 656 537 principium
684 465 719 520 et
746 456 873 519 iontem
903 457 1068 520 bonorum
1086 455 1252 519 maximo·
1298 465 1328 536 ,et
1349 455 1431 534 accu-

141 583 226 639 rum,
244 561 357 626 italico
372 563 486 645 generi
500 559 635 643 eripere.
647 597 691 610 -
704 561 795 624 Hinc
811 559 985 625 adhibitae
997 561 1040 624 ad
1053 578 1253 643 oppugnari·
1275 538 1407 655 {w}

139 667 222 732 darn
240 665 339 730 fidem
360 666 510 729 divinam
534 663 686 730 infinitae
712 674 825 743 artes;
850 664 929 729 hinc
945 673 1066 747 spreta,
1092 683 1253 746 oppressa
1280 657 1355 705 tium.

140 770 282 852 legibus,
297 769 449 852 legitima
466 769 638 834 Ecclesiae
654 770 801 834 libertas.
826 769 1015 851 Receptum
1042 779 1075 832 et
1100 768 1252 833 doctrina

140 884 177 937 et
194 894 237 952 re,
253 894 320 937 non
337 875 404 937 vim
421 893 487 937 nou
505 875 669 938 rationem
687 873 720 936 in
736 872 888 936 Ecclesia
901 872 1069 956 perlectae
1082 870 1253 935 societatis

139 980 273 1042 inesse:
289 977 451 1040 antistare
467 976 721 1058 rempublicam,
747 995 928 1060 sacraeque
954 977 1114 1059 potestati
1131 976 1253 1059 princi·

139 1087 260 1161 patum
277 1077 408 1142 civilem
429 1079 635 1143 antecedere.
662 1078 719 1142 Ex
744 1098 811 1162 qua
837 1079 992 1144 doctrina
1008 1077 1197 1160 perniciosa
1219 1085 1253 1140 et

142 1182 238 1261 falsa,
255 1183 353 1248 Sedis
370 1183 591 1267 Apostolicae
618 1184 743 1248 iudicio
758 1203 859 1268 saepe
884 1185 1055 1260 damnata,
1070 1203 1147 1247 cum
1164 1181 1253 1246 mala

140 1288 250 1351 multa
265 1299 524 1370 consequuntur,
534 1297 606 1352 tum
623 1287 686 1352 hoc
704 1289 864 1366 maxime,
874 1298 911 1353 ut
928 1288 1073 1352 inierant
1089 1308 1124 1350 se
1135 1287 1253 1369 guber-

141 1401 277 1456 natores
294 1392 339 1455 rei
355 1391 470 1472 civilis,
486 1414 554 1476 quo
571 1393 711 1458 minime
727 1392 777 1458 las
805 1403 864 1473 est,
890 1413 951 1458 nec
967 1402 1143 1457 vereantur
1159 1391 1201 1455 ad
1219 1409 1254 1454 se

141 1495 318 1560 traducere
333 1497 423 1579 quod
443 1497 615 1562 Ecclesiae
638 1497 856 1562 detraxerint.
874 1535 918 1548 -·-
933 1497 1067 1561 Videtis
1093 1497 1125 1558 in
1154 1496 1254 1560 bene·

114 1651 120 1662 .
143 1597 227 1664 ficiis
243 1599 478 1666 ecclesiasticis
495 1603 577 1668 illud
593 1602 693 1686 quale
709 1603 761 1680 sit,
777 1604 868 1686 quod
887 1603 937 1666 ius
965 1600 1171 1685 percipiendi
1189 1600 1253 1663 lru·
1335 1602 1340 1614 “

145 1714 220 1769 ctus
235 1705 299 1768 sibi
315 1717 475 1789 arrogant
490 1708 580 1784 dare,
596 1710 740 1786 demere,
756 1709 799 1772 ad
824 1707 1008 1772 arbitrium.
1021 1707 1094 1771 Nec
1110 1707 1253 1770 alterum

144 1810 256 1874 minus
274 1811 483 1888 insidiosum,
499 1813 589 1893 quod
607 1811 742 1876 Clerum
767 1811 931 1877 inferioris
955 1811 1081 1876 ordinis
1110 1809 1254 1892 permul-

143 1933 219 1978 cere
244 1913 463 1996 pollicitando
491 1915 651 1996 cogitant.
678 1913 775 1998 Quae
803 1935 854 1980 res
890 1935 1050 1998 quorsum
1079 1915 1254 1996 pertineat,

142 2018 242 2084 facile
257 2028 307 2082 est
323 2019 496 2101 dispicere,
508 2021 658 2084 maxime
670 2022 748 2104 quia
764 2021 828 2104 ipsi
839 2021 937 2084 huius
954 2020 1084 2085 consilii
1101 2027 1254 2082 auctores

143 2141 214 2185 non
241 2121 323 2185 satis
349 2133 465 2185 curant
490 2123 658 2187 occultare
682 2123 763 2206 quid
799 2122 913 2188 velint.
939 2122 1069 2187 Volunt
1096 2121 1253 2185 nimirum

144 2225 362 2290 administros
388 2243 557 2289 sacrorum
586 2225 618 2288 in
656 2235 768 2308 partes
793 2245 870 2292 suas
895 2225 1017 2290 blande
1043 2224 1254 2306 compellere,

144 2328 391 2412 permistusque
406 2329 510 2393 semel
527 2329 626 2393 rebus
650 2331 744 2391 novis
760 2329 804 2393 ab
818 2329 983 2412 obsequio
1007 2327 1178 2410 legitimae
1197 2348 1254 2411 po·

142 2435 278 2498 testatis
293 2432 458 2498 divellere.
477 2432 692 2517 Quamquam
709 2433 799 2498 haud
815 2434 896 2497 satis
913 2433 976 2497 hac
993 2433 1025 2496 in
1050 2453 1085 2496 re
1101 2433 1256 2498 videntur

142 2537 351 2602 Clericorum
368 2538 569 2601 nostratium
587 2555 751 2619 cognosse
761 2538 918 2602 virtutem
934 2537 1011 2620 :qui
1028 2557 1108 2601 sane
1124 2547 1174 2602 tot
1186 2538 1253 2603 iam

140 2659 261 2718 annos,
276 2648 346 2705 tarn
364 2639 479 2704 multis
494 2641 606 2704 modis
629 2640 780 2718 exerciti,
802 2639 961 2722 exempla
982 2639 1205 2705 abstinentiae
1221 2650 1254 2705 et

142 2743 224 2808 fidei
240 2743 375 2808 edidere
391 2763 459 2808 non
476 2743 628 2821 obscura,
655 2754 692 2808 ut
716 2743 856 2818 omnino
882 2742 1120 2807 confidendum
1144 2744 1198 2822 sit,
1221 2745 1253 2807 in

140 2849 263 2914 eadem
282 2846 443 2931 religione
469 2847 579 2926 officii,
605 2847 864 2931 qualiacumque
889 2857 1042 2931 tempora
1068 2849 1255 2928 inciderint,

142 2954 222 3019 Deo
237 2955 399 3033 adiutore,
415 2965 609 3019 constanter
619 2973 864 3037 permansuros.
1250 3005 1253 3012 .

188 3055 238 3122 At
254 3079 333 3123 vero
349 3077 394 3123 ex
410 3058 471 3136 his,
486 3077 573 3140 quae
589 3057 793 3141 perbreviter
805 3058 989 3140 attigimus,
1002 3057 1099 3123 facile
1114 3069 1254 3142 apparet
1363 3083 1434 3133 Sunt

140 3162 225 3244 quid
243 3162 349 3246 possit
362 3171 454 3227 secta
470 3162 680 3242 Massonum,
690 3163 839 3246 itemque
850 3163 931 3245 quid
942 3171 1083 3245 expetat
1094 3171 1131 3226 ut
1144 3172 1254 3226 extre·
1279 3149 1329 3214 Μ’
1337 3156 1413 3198 '‘⁶¹“

1279 3215 1417 3264 adhaerent

142 3285 247 3331 mum.
276 3265 378 3348 Quod
405 3275 518 3330 auteur
545 3275 647 3349 auget
676 3266 812 3342 malum,
836 3267 995 3348 quodque
1018 3267 1166 3350 cogitare
1183 3268 1253 3330 sine
1279 3287 1319 3357 spa
1331 3279 1432 3330 utilita-

138 3386 268 3454 magua
279 3369 383 3433 animi
399 3369 625 3434 sollicitudine
638 3389 705 3432 non
716 3387 905 3451 possumus,
921 3369 1020 3432 nimis
1038 3369 1134 3435 multi
1151 3371 1252 3434 etiam
1279 3351 1414 3460 {ww

138 3490 189 3535 ex
205 3473 410 3537 nostratibus
426 3481 654 3549 numerantur,
681 3491 767 3555 quos
794 3491 915 3536 nomen
946 3481 1057 3536 sectae
1073 3491 1253 3555 operamve

138 3575 232 3654 dare,
247 3595 381 3641 suarum
398 3595 475 3660 spes
492 3577 678 3640 utilitatum
702 3585 737 3641 et
764 3574 886 3640 misera
902 3575 1045 3640 ambitio
1060 3575 1195 3658 subigit.
1210 3615 1254 3628 -

139 3677 240 3762 Quae
256 3701 332 3746 cum
349 3681 396 3745 ita
411 3682 488 3756 sint,
504 3680 734 3764 episcopalem
751 3680 926 3745 caritatem
938 3690 1096 3758 vestram,
1113 3691 1253 3764 urgente
1312 3711 1374 3760 Illos
1385 3709 1416 3759 ab

138 3783 351 3867 propositum
383 3783 588 3849 conscientia
626 3780 738 3861 officii,
776 3783 998 3866 appellamus,
1031 3783 1253 3847 Venerabiles
1280 3776 1432 3826 internun-

138 3887 285 3966 Fratres,
301 3889 334 3953 in
352 3888 534 3971 primisque
551 3887 699 3972 petimus
727 3897 764 3953 ut
791 3907 917 3964 eorum,
932 3907 1017 3972 quos
1046 3887 1148 3951 modo
1164 3887 1253 3951 dixi·
1279 3857 1414 3972 msa·

139 4009 225 4068 mus,
241 3993 284 4056 sit
306 3991 401 4056 vobis
429 3992 603 4074 proposita
628 3990 744 4056 salus:
770 3991 803 4055 in
832 3991 871 4054 iis
899 3990 943 4055 ab
971 4011 1081 4055 errore
1109 3992 1253 4054 certissi-
1279 3973 1421 4087 ssgfm

138 4113 264 4178 moque
288 4095 424 4158 interitu
456 4095 653 4160 revocandis
686 4094 822 4158 assidue
852 4103 886 4158 et
919 4104 1115 4158 constanter
1143 4105 1252 4159 vestra
1279 4102 1392 4168 liofrert.

136 4207 245 4264 certet
261 4198 433 4263 industria.
451 4197 630 4264 Extricare
645 4217 754 4281 posse,
777 4197 834 4281 qui
859 4218 896 4262 se
921 4197 1119 4262 Massonum
1148 4198 1253 4281 impe·

137 4303 225 4368 divit
240 4302 274 4366 in
291 4301 419 4386 plagas,
447 4321 498 4366 res
526 4299 679 4384 prolecto
706 4309 757 4364 est
783 4310 817 4364 et
846 4299 942 4363 multi
964 4300 1090 4382 negotii
1107 4309 1141 4364 et
1158 4302 1253 4366 exitu
