3250 4888
358 287 406 378 8'8
585 327 740 380 suanus.
770 327 926 380 cousoc.
956 330 980 380 a
1007 327 1035 379 s
1065 327 1234 380 niuniu.

357 499 442 544 neve
456 479 591 562 spiritus
614 479 905 561 immutetur5sed
936 499 1022 564 quae
1048 489 1083 547 et
1105 484 1278 566 quomodo
1308 483 1464 548 decretae

356 591 435 649 sunt
448 583 584 665 pictatis
606 584 866 651 exercitationes
881 595 915 650 et
931 583 1140 668 precationes
1164 587 1315 668 integrae
1330 599 1463 651 serven·

356 697 418 753 tur.
434 687 491 756 Sic
517 687 686 772 implorati
702 688 789 753 inter
803 687 1007 754 domesticos
1037 691 1182 772 parietes
1197 689 1310 754 adsint
1326 688 1464 773 propitii

357 792 461 870 Iesus,
473 789 581 856 Maria
596 799 631 857 ct
655 791 787 875 loseph,
811 792 984 857 caritatem
1012 793 1114 871 alant,
1126 811 1236 856 mores
1262 803 1389 876 regant,
1417 791 1463 856 ad

356 896 513 961 virtutem
526 904 710 980 provocent
725 895 913 962 imitatione
928 896 988 974 sui,
1003 906 1037 960 et
1052 915 1139 980 quac
1155 896 1305 980 undique
1334 897 1464 961 instant

357 998 515 1064 mortales
530 1017 720 1076 aerumnae,
735 1019 792 1063 eas
808 998 964 1062 leniendo
988 998 1112 1063 saciant
1143 999 1396 1066 tolerabiliores.
1418 1037 1466 1052 -

356 1101 584 1167 Decernentcs
599 1101 683 1168 haec
697 1101 813 1166 omnia
828 1111 863 1167 ct
877 1101 1009 1185 singula
1037 1101 1086 1165 uti
1105 1091 1211 1186 supra
1237 1103 1348 1168 edicta
1372 1113 1462 1184 sunt,

197 1207 329 1320 ‘Fruges
355 1205 452 1270 firma
467 1215 605 1289 rataque
629 1207 662 1270 in
688 1213 887 1288 perpetuum
914 1223 1118 1288 permanere,
1148 1226 1216 1270 non
1247 1208 1464 1273 obstantibus

179 1279 329 1388 “mmlx
355 1309 661 1388 constitutionibus,
686 1309 806 1374 litteris
837 1309 1054 1393 Apostolicis,
1091 1309 1283 1396 privilegiis,
1312 1311 1466 1391 indultis,

195 1405 331 1518 “ffijffi
356 1415 490 1479 Nostris
505 1423 539 1480 ct
554 1413 781 1480 Cancellariae
792 1413 1013 1496 Apostolicae
1025 1412 1174 1496 Regulis‚
1185 1413 1371 1496 ceterisque
1382 1433 1466 1479 con·

179 1539 232 1585 tur.
356 1517 464 1582 trariis
484 1518 763 1602 quibuscumque.

400 1621 528 1685 Datum
553 1617 684 1686 Romae
716 1621 806 1704 apud
831 1620 864 1686 S.
890 1620 1027 1686 Petrum
1050 1619 1113 1685 sub
1144 1617 1247 1684 anulo
1277 1620 1464 1686 Piscatoris

356 1724 410 1791 die
424 1737 492 1790 xlv
509 1725 595 1791 lunii
610 1735 824 1802 Mucccxcn,
840 1722 1059 1789 Pontificatus
1077 1721 1193 1788 Nostri
1217 1741 1307 1787 anno
1329 1723 1469 1790 decimo

356 1829 483 1914 quinto.

842 1913 877 1983 S.
893 1913 1007 1981 Canu.
1031 1913 1371 1983 VANNUTELLI.
