3216 4880
185 266 235 317 DE
261 264 479 316 DISCIPLINA
506 260 777 316 ORIENTALIUM
804 261 1095 316 CONSERVANDA.
1153 267 1220 336 311

117 414 238 490 vocari,
262 413 397 495 infringi
425 431 531 494 posse,
555 431 600 475 ex
627 411 754 494 quavis,
781 409 859 475 licet
874 411 1083 494 privilegiata
1099 433 1225 490 caussa,
1288 410 1361 497 ἦν,

117 516 228 579 colore
256 525 290 580 et
315 515 472 594 nomine;
500 516 558 579 sed
584 515 752 597 plenarios
779 523 813 578 et
829 515 976 598 integros
993 516 1131 580 effectus
1147 538 1224 580 suos
1291 509 1363 572 1894.

117 620 249 697 habere,
274 639 341 684 non
367 619 580 686 obstantibus
607 618 824 700 Apostolicis,
846 621 947 684 etiam
966 622 997 681 in
1015 621 1225 702 generalibus
1267 659 1400 707 auctorita·

117 745 155 787 ac
183 723 443 806 provincialibus
459 723 610 787 conciliis
629 723 739 800 editis,
757 723 1062 800 constitutionibus,
1080 744 1223 788 necnon
1249 731 1299 774 1⁰²⁸
1309 725 1392 772 vindi-

117 829 290 913 quibusvis
318 827 420 892 etiam
445 825 702 892 confirmatione
727 825 927 908 Apostolica
951 827 1002 888 vel
1027 830 1144 909 quavis
1160 829 1225 892 alia
1251 797 1298 840 ‘as'

118 933 278 996 firmitate
305 931 469 995 roboratis
496 929 642 1007 statutis,
669 930 967 994 consuetudinibus
988 951 1026 994 ac
1043 933 1224 1013 praescrip-

118 1036 266 1100 tionibus
279 1057 287 1114 ;
303 1035 425 1118 quibus
441 1033 609 1111 omnibus,
626 1031 764 1115 perinde
773 1053 811 1097 ac
822 1034 848 1096 si
860 1035 902 1098 de
915 1035 1016 1098 verbo
1029 1035 1071 1098 ad
1086 1035 1223 1098 verbum

118 1141 209 1204 hisce
237 1139 355 1203 litteris
387 1139 511 1204 inserta
541 1146 663 1215 essent,
694 1138 735 1201 ad
769 1139 1026 1220 praemissorum
1060 1138 1225 1216 effectum,

118 1244 306 1326 specialiter
329 1251 363 1305 et
386 1261 546 1325 expresse
562 1243 767 1324 derogamus
782 1249 817 1304 et
832 1241 1029 1323 derogatum
1046 1262 1119 1305 esse
1135 1243 1224 1306 voiu-

120 1369 204 1425 mus,
215 1347 400 1428 ceterisque
415 1346 450 1409 in
464 1346 668 1409 contrarium
685 1343 886 1409 iacientibus
898 1345 1173 1429 quibuscumque.
1185 1385 1227 1395 -

120 1453 289 1517 Volumus
316 1462 428 1515 autem
453 1459 489 1514 ut
506 1449 624 1514 harum
643 1449 848 1515 Litterarum
865 1451 1031 1533 exemplis
1048 1452 1150 1514 etiam
1168 1453 1228 1512 im·

121 1557 252 1639 pressis,
280 1573 448 1636 manuque
473 1553 605 1618 Notarii
621 1552 818 1635 subscriptis
834 1563 867 1616 et
884 1573 943 1635 per
958 1555 1177 1616 constitutum
1195 1555 1227 1616 in

125 1658 350 1722 ecclesiastica
374 1658 541 1739 dignitate
572 1657 680 1720 virum
711 1677 772 1720 suo
800 1656 911 1740 sigillo
937 1659 1084 1734 munitis,
1111 1660 1228 1721 eadem

123 1761 286 1825 habeatur
312 1759 394 1825 fides
422 1781 508 1843 quae
536 1760 767 1843 praesentibus
790 1760 880 1823 hisce
898 1760 1035 1824 Litteris
1052 1761 1230 1825 haberetur

120 1865 273 1930 ostensis.

166 1968 295 2031 Datum
323 1966 454 2031 Romae
478 1967 567 2048 apud
585 1965 618 2032 S.
636 1965 771 2029 Petrum
789 1985 877 2030 anno
896 1965 1141 2030 incarnationis
1158 1967 1227 2030 Do·

121 2073 262 2136 minicae
274 2069 1111 2153 millesimooctingentesimononagesimoquarto,
1122 2071 1227 2152 pridie

118 2175 279 2240 calendas
308 2175 524 2252 Decembres,
550 2172 769 2238 Pontificatus
795 2174 911 2237 Nostri
927 2175 1059 2238 decimo
1075 2177 1229 2257 septimo.

178 2330 219 2394 Α.
237 2329 355 2396 CARD.
371 2329 559 2394 BIANCH
567 2330 580 2393 1
597 2366 641 2379 -
657 2330 692 2394 C.
711 2329 827 2396 CARD.
844 2329 909 2394 DE
927 2329 1180 2396 RVGGIERO

258 2451 547 2516 Pno-DArAmvs

616 2554 732 2619 VISA

295 2691 352 2755 Du
369 2691 489 2755 Cvnm
507 2690 531 2753 Ι.
552 2690 610 2753 Da
627 2693 776 2768 AQvtun
794 2705 816 2755 u
831 2692 1128 2757 V1cucou1T1nvs

190 2850 263 2904 Loco
275 2857 305 2920 ›1-
317 2849 425 2902 Pumbr'

262 2963 328 3033 Reg.
341 2966 373 3014 in
387 2961 488 3016 Serrei.
502 2960 643 3014 Brevr'um

913 3035 938 3098 1.
962 3035 1139 3100 Cvcnour
