3216 4880
411 279 484 350 324
768 275 889 326 rapax
916 275 1168 330 anatvrmus

407 440 523 500 propter
535 427 754 482 conventionem
768 424 867 480 initam
880 425 954 480 inter
965 426 1221 496 Archiepiscopum
1235 427 1264 480 S.
1278 425 1359 480 Pauli
1373 435 1402 480 et
1416 424 1506 479 civiles

406 515 589 584 magistratus
610 513 686 568 circa
705 513 776 566 duas
797 513 912 576 scholas
932 513 1108 581 paroeciales
1122 512 1167 579 78.
1181 513 1425 568 -Concordiam
1444 511 1505 566 inde

405 602 480 657 inter
502 602 667 657 catholicos
698 585 849 672 periclit'ari
871 599 980 667 videns,
1006 617 1057 670 pro
1082 600 1176 656 officio
1204 618 1256 655 suo
1281 619 1343 656 rem
1363 601 1508 670 diligenter

403 689 534 758 rependit
547 697 632 759 atque
654 686 846 741 dirimendam
864 686 974 741 censuit
994 700 1133 757 responso
1157 688 1336 760 aPraefecto
1357 689 1462 756 congr.
1475 687 1507 741 de

404 777 595 846 Propaganda
608 775 680 829 Fide
690 786 774 830 antea
784 775 878 830 edicto
892 776 981 842 7879.
995 774 1181 845 -Judiciurn
1193 776 1249 832 hac
1262 777 1300 831 de
1312 792 1372 830 rea
1381 793 1414 830 se
1424 777 1507 830 latum

403 866 533 920 Pontifex
547 863 674 920 vindicat
684 877 763 930 79.-
777 863 887 916 Laudat
900 861 1064 916 unanimem
1072 879 1188 918 sensum
1202 863 1414 934 Episcoporum
1425 865 1508 917 Ame-

401 951 486 1018 ricae,
499 949 611 1004 scholas
635 954 753 1001 neutras
772 947 1004 1018 improbantium,
1017 965 1052 1003 ac
1073 958 1189 1017 exoptat
1209 959 1238 1008 ut
1260 950 1413 1017 Praesides
1439 949 1509 1002 Neo·

402 1035 594 1092 Eboracensis
606 1033 772 1105 provinciae
784 1033 813 1088 in
825 1034 962 1104 proximis
975 1035 1162 1090 conventibus
1175 1036 1322 1092 conferant
1340 1037 1379 1090 de
1396 1035 1508 1090 rationi·

400 1124 454 1178 bus
463 1123 594 1179 ineundis
603 1140 639 1177 ne
650 1122 730 1192 pueri
740 1121 871 1178 catholici
882 1129 999 1176 neutras
1009 1125 1123 1178 scholas
1132 1124 1238 1179 adeant
1250 1125 1380 1193 79·80.-
1389 1125 1510 1180 Conten-

401 1212 470 1266 dant
492 1220 692 1280 praetereant
714 1225 765 1280 per
786 1210 864 1280 leges
886 1211 1060 1280 impediatur
1084 1211 1286 1266 detrimentum
1312 1211 1460 1281 religionis
1481 1211 1507 1266 in

401 1299 508 1355 scholis
521 1298 642 1368 publicis
653 1298 696 1352 80.
709 1328 745 1337 -
759 1297 881 1352 Confidit
893 1298 1022 1354 Pontifex
1035 1285 1235 1369 praesentibus
1249 1300 1351 1354 litteris
1361 1299 1509 1356 Praesules

401 1384 475 1439 illius
489 1383 652 1454 provinciae
666 1383 774 1438 arctius
794 1382 823 1437 in
843 1382 905 1438 dies
924 1383 1089 1440 devinctum
1108 1385 1142 1439 iri
1160 1403 1225 1440 cum
1239 1386 1341 1440 ceteris
1362 1386 1510 1442 Americae

404 1471 555 1542 Episcopis
569 1471 662 1524 80-81.

415 1594 420 1602 '
439 1598 485 1649 17.
499 1599 719 1648 LITTERAE
733 1597 1027 1649 apostoncae:
1048 1599 1087 1648 de
1101 1601 1239 1650 Statutls
1249 1601 1323 1662 piae
1336 1601 1428 1650 Con-

403 1684 1245 1736 s'oclatlonisasacraFamilla.-14Jun1f1892....
1355 1698 1426 1750 pag.
1481 1681 1511 1735 82

441 1792 574 1849 Ostendit
589 1792 719 1848 Pontifex
731 1809 912 1863 summopere
925 1792 1063 1848 interesse
1082 1793 1121 1853 rei
1141 1794 1268 1863 privatae
1279 1805 1367 1866 atque
1380 1795 1511 1864 publicae

405 1892 435 1935 ut
448 1880 606 1934 domestica
620 1881 742 1936 societas
756 1892 854 1936 sancte
868 1883 904 1936 sit
917 1879 1071 1936 constituta
1092 1882 1255 1953 sanctisque
1273 1883 1385 1952 legibus
1402 1895 1512 1952 regatur

405 1968 447 2022 82.
461 1997 496 2005 —
510 1968 709 2036 Reparationis
731 1969 874 2022 humanae
895 1986 967 2038 opus
989 1969 1128 2023 inchoans
1151 1971 1241 2038 Deus,
1260 1971 1386 2040 speciem
1409 1971 1510 2024 mundo

405 2055 530 2110 exhibuit
547 2056 695 2121 ,Familiae
717 2055 852 2111 divinitus
874 2057 1053 2127 constitutae,
1073 2074 1145 2128 quae
1165 2058 1267 2114 ceteris
1286 2057 1406 2112 familiis
1432 2059 1512 2113 docu-

405 2153 501 2198 mento
520 2154 603 2212 esset,
624 2145 753 2214 exempla
775 2145 916 2214 praebens
938 2145 1066 2199 omnium
1088 2137 1223 2200 virtutum
1244 2147 1413 2214 parentibus
1435 2147 1513 2201 simul

405 2249 439 2286 ac
463 2232 568 2299 liberis,
589 2230 724 2286 divitibus
747 2243 832 2301 atque
851 2233 1042 2302 pauperibus:
1067 2233 1110 2287 his
1135 2233 1288 2303 praecipue
1313 2235 1421 2288 solatio
1453 2251 1510 2290 esse

406 2319 490 2374 debet
512 2335 611 2373 sacrae
634 2319 772 2373 Familiae
794 2329 945 2388 paupertas
966 2331 994 2374 et
1016 2322 1109 2375 tenuis
1131 2321 1266 2388 conditio,
1285 2339 1373 2392 quam
1395 2324 1509 2393 quidem

407 2407 486 2460 multi
497 2405 678 2460 divitesultrn
687 2415 750 2458 sunt
760 2405 882 2474 amplexi
893 2407 1129 2474 82·83.-Sacrae
1137 2407 1275 2462 Familiae
1285 2409 1394 2463 cultum
1410 2425 1514 2464 mature

407 2494 484 2563 apud
498 2492 662 2546 catholicos
675 2492 827 2560 invectum,
841 2493 967 2563 mireque
981 2503 1170 2563 propagatum
1189 2495 1277 2549 fuisse
1289 2497 1409 2566 exponit
1423 2495 1513 2550 Ponti·

408 2584 453 2638 fex
466 2583 507 2650 83.
522 2613 556 2622 -
568 2582 676 2637 Laudat
692 2585 941 2638 consociationem
954 2603 971 2639 a
985 2586 1013 2640 S.
1028 2584 1149 2640 Familia
1163 2585 1294 2654 Lugduni
1307 2604 1324 2639 a
1336 2587 1370 2641 tt
1383 2589 1416 2642 P.
1432 2589 1513 2641 Fran·

410 2689 458 2726 coz
472 2673 499 2726 S.
510 2671 686 2739 J.conditam
695 2687 730 2725 eo
739 2673 886 2742 proposito
899 2683 928 2727 ut
942 2673 1114 2728 christianae
1127 2673 1252 2728 familiae
1264 2691 1365 2729 sacrae
1374 2675 1513 2730 Familiae

410 2777 474 2816 sese
488 2760 669 2828 devoventes,
682 2760 742 2828 eius
765 2759 868 2828 insigni
889 2759 1016 2814 fruantur
1034 2761 1194 2830 patrocinio
1208 2762 1299 2828 83·84.
1312 2791 1349 2800 -
1362 2764 1424 2818 Lex
1437 2765 1515 2818 soda-

411 2849 479 2903 lium
492 2867 499 2902 :
514 2851 587 2902 Cum
600 2858 660 2902 tota
672 2865 724 2903 sua
737 2850 823 2903 domo
830 2851 867 2904 ad
878 2852 1017 2905 orandum
1028 2849 1209 2919 conveniunt,
1222 2867 1345 2923 eamque
1353 2853 1514 2909 christianis

411 2935 539 2988 moribus
552 2935 735 2988 imbuendam
748 2947 847 2992 curant
858 2937 900 3001 84.
914 2965 949 2975 -
960 2937 1209 2993 consociationem
1220 2939 1369 2994 Bononiae
1383 2952 1514 3006 erectam,

411 3019 537 3089 olimque
557 3037 575 3075 a
597 3021 649 3074 Pio
664 3022 706 3075 lX
719 3023 917 3092 approbatam,
930 3022 1032 3078 iterum
1051 3025 1191 3094 approbat
1205 3025 1344 3094 Pontifex,
1357 3044 1473 3083 necnon
1490 3039 1514 3082 et

411 3105 586 3176 propositam
600 3124 617 3159 a
636 3109 664 3162 S.
679 3109 712 3161 R.
728 3109 957 3178 congregatione
970 3111 1121 3165 formulam
1139 3113 1366 3167 consecrationis
1380 3115 1516 3170 christia·

410 3216 511 3253 narum
536 3199 715 3266 familiarum,
739 3209 767 3252 et
792 3199 985 3269 precationem
1012 3201 1190 3255 recitandam
1215 3219 1314 3256 coram
1337 3203 1464 3274 imagine
1487 3205 1513 3258 S.

413 3289 550 3344 Familiae
563 3291 605 3355 84.
619 3317 654 3326 -
667 3289 798 3343 citantur
811 3289 839 3342 S.
855 3290 888 3342 R.
905 3289 1140 3358 congregationis
1154 3300 1261 3346 statuta
1273 3293 1378 3362 quibus
1402 3293 1476 3348 inter
1488 3309 1514 3346 se

412 3394 512 3434 omnes
523 3375 758 3430 Consociationes
772 3377 800 3430 S.
815 3377 953 3430 Familiae
966 3377 1019 3430 sub
1032 3395 1088 3431 uno
1102 3377 1232 3447 praeside
1245 3393 1467 3448 congregantur.

452 3471 476 3517 1⁰
487 3463 565 3518 Finis
575 3462 802 3517 Consociationis
816 3463 844 3516 in
858 3480 892 3517 eo
903 3473 955 3530 est,
968 3475 998 3518 ut
1012 3463 1135 3519 familiae
1148 3465 1321 3519 christianae
1334 3467 1409 3520 se-S.
1426 3465 1515 3520 Fami·

412 3551 467 3606 liae
477 3553 644 3618 devoveant,
656 3567 721 3606 eam
733 3550 900 3620 quotidiana
914 3552 1042 3607 oratione
1050 3554 1155 3619 colant,
1168 3552 1280 3622 sibique
1294 3564 1324 3608 ut
1337 3551 1414 3610 vitae
1427 3569 1514 3608 exem·

413 3641 490 3709 plum
502 3649 662 3707 proponant
670 3639 686 3690 8
690 3650 753 3706 5.-
763 3644 790 3692 2⁰
800 3639 937 3692 Centrum
949 3637 1178 3704 consociationis
1187 3639 1298 3693 Romae
1308 3639 1432 3694 habetur
1442 3641 1513 3712 apud

414 3729 477 3781 Em.
493 3727 575 3781 Card.
590 3744 641 3796 pro
654 3735 783 3796 tempore
797 3727 825 3781 S.
840 3725 884 3781 31ς
896 3726 1049 3795 Vicarium,
1063 3727 1111 3798 qui
1131 3727 1361 3782 Consociationis
1375 3739 1515 3798 protector

412 3827 464 3882 est,
478 3815 613 3884 illamque
630 3815 710 3882 regit,
723 3815 836 3883 adjutus
853 3815 890 3869 ab
912 3815 958 3868 111ο
971 3815 1129 3872 Secretario
1143 3817 1171 3870 S.
1184 3815 1218 3870 R.
1235 3815 1477 3886 congregationis
1490 3829 1514 3869 et

412 3903 523 3956 duobus
537 3899 670 3969 praelatis
687 3919 705 3954 a
718 3918 749 3954 se
769 3901 908 3970 eligendis
928 3918 1041 3957 necnon
1055 3918 1072 3954 a
1084 3900 1144 3954 viro
1164 3901 1360 3957 ecclesiastico
1374 3901 1512 3957 secretarii

413 4009 515 4048 munus
525 3999 641 4058 gerente
655 3989 734 4057 85.-
750 3991 818 4058 3⁰ln
832 3991 963 4046 omnibus
974 3990 1152 4045 dioecesibus
1163 3992 1207 4046 vel
1217 3990 1395 4060 Apostolicis'
1403 3989 1514 4044 vicaria·

414 4083 499 4148 tibus,
510 4078 679 4132 ordinarius
696 4078 790 4132 virum
801 4078 1028 4135 ecclesiasticum
1041 4080 1195 4148 quemdam
1209 4079 1392 4134 Directorem
1411 4079 1515 4132 dioece·

416 4186 517 4224 sanum
529 4169 683 4223 constituet
697 4169 738 4236 85.
753 4196 787 4206 —
799 4176 829 4234 4⁰
838 4168 885 4222 Ad
897 4169 974 4222 solos
991 4169 1132 4239 parochos
1145 4167 1267 4238 pertinet
1284 4166 1422 4238 ascriptio
1441 4167 1513 4220 fami·

417 4257 518 4312 liarum
529 4255 659 4326 propriae
673 4255 987 4325 parochiae3numerum
999 4255 1204 4326 ascriptionum
1213 4255 1436 4326 uniuscujusque
1446 4254 1514 4319 anni,
