3296 4886
284 307 337 364 DE
363 314 583 367 ERECTIONE
608 314 845 368 DIOECESIUM
873 315 915 366 ΙΝ
944 315 1130 368 BRASILIA.
1214 313 1261 386 59

144 465 300 550 politana
329 465 481 529 Ecclesia
496 475 717 548 nuncupetur,
731 475 766 531 et
781 467 831 532 uti
847 467 925 531 talis
953 485 1070 550 reapse
1096 466 1260 531 habeatur
1292 439 1436 576 nerins*

145 577 182 632 et
197 567 250 646 sit,
276 589 318 632 ac
342 567 482 651 proinde
509 568 666 633 omnibus
692 578 727 632 et
752 569 892 652 singulis
918 569 1053 646 iuribus,
1067 568 1260 646 honoribus,
1324 587 1397 649 1892.

143 670 274 754 gratiis,
300 671 480 750 favoribus,
505 671 801 750 iurisdictionibus,
823 671 966 736 indultis
1005 682 1040 737 et
1066 669 1260 754 privilegiis,

145 773 270 858 quibus
301 774 369 838 alia
394 773 658 859 Metropolitana
686 773 838 840 Ecclesia
855 773 956 841 SSmi
981 774 1167 842 Salvatoris
1183 783 1259 840 actu

144 899 193 943 ex
205 879 378 943 communi
405 879 476 944 iure
493 878 612 944 fruitur
636 887 670 943 et
686 880 821 962 gaudet,
846 879 1071 960 paritormiter
1083 888 1117 943 et
1133 879 1260 962 absque

145 981 217 1048 ulla
246 1002 383 1066 prorsus
407 979 598 1048 differentia
623 982 751 1048 fruatur
776 991 811 1048 et
833 983 990 1066 gaudeat.
1012 981 1143 1047 Verum
1165 984 1261 1048 istius

145 1107 255 1153 novae
271 1087 541 1153 Archidioecesis
557 1088 765 1154 territorium.
774 1089 957 1172 redigimus
973 1089 1017 1154 ad
1033 1097 1131 1153 vetus
1149 1087 1260 1152 Muni-

144 1191 272 1276 cipium
297 1203 463 1272 neutrum,
475 1212 597 1276 nempe
620 1195 663 1258 ad
690 1193 910 1276 Reipublicae
939 1193 1126 1276 principem
1142 1192 1259 1256 urbem
1284 1188 1438 1302 ᾗκεν·

144 1316 223 1361 cum
247 1316 311 1360 suo
333 1295 501 1361 territorio
525 1317 693 1362 unacum
721 1296 830 1362 insula
856 1296 1098 1363 Gubernatoris
1120 1295 1261 1379 aliisque
1284 1320 1418 1378 senuaar,

144 1399 272 1476 insulis,
289 1419 351 1464 nec
376 1419 443 1463 non
460 1420 618 1466 unacum
646 1401 783 1466 civitate
799 1401 969 1484 Petropoli
992 1401 1132 1483 eiusque
1148 1399 1260 1464 Muni-
1284 1390 1437 1498 ‘E‘cdjjffim

144 1504 241 1588 cipio.
262 1505 367 1568 Porro
392 1503 586 1569 Australem
613 1505 701 1570 hanc
738 1504 1038 1587 Metropolitanam
1073 1503 1259 1570 Ecclesiam
1285 1513 1427 1578 episcopales

151 1607 270 1674 Sancti
296 1605 489 1674 Sebastiani
515 1608 681 1674 Fluminis
706 1608 857 1692 Januarii
885 1617 1014 1692 septem
1042 1606 1261 1690 Episcopales
1281 1578 1435 1708 gmzffm'

147 1711 320 1776 Ecclesias
344 1714 469 1794 pariter
492 1713 617 1777 habere
643 1713 798 1779 volumus
835 1711 1084 1796 Suffraganeas‚
1118 1731 1260 1795 quarum
1286 1709 1437 1769 Μηνὶ·

147 1817 298 1902 quinque
315 1816 402 1882 idest
429 1815 465 1883 S.
481 1817 569 1882 Petri
597 1817 761 1882 Fluminis
777 1817 993 1894 Grandensis‚
1013 1817 1047 1883 S.
1065 1818 1168 1893 Pauli,
1185 1817 1259 1880 Ma·
1284 1783 1438 1889 affin.

147 1921 373 1998 tironensem,
388 1920 656 1985 Adamantinam
670 1930 703 1984 et
714 1920 937 1986 Cuiabensem
955 1920 1121 2003 antiquas,
1135 1919 1259 2003 quibus
1284 1907 1350 1956 '‘d“
1365 1911 1435 1964 sunt.

145 2023 234 2088 duae
257 2043 367 2088 novae
393 2022 500 2089 Sedes
526 2023 755 2107 Episcopales‚
789 2024 894 2089 altera
928 2023 1084 2088 videlicet
1120 2021 1258 2087 Nicthe·
1284 2073 1367 2122 mm

146 2127 310 2210 ruyensis,
334 2137 369 2191 et
394 2127 499 2192 altera
515 2127 747 2210 Curitybensis
762 2128 806 2192 de
823 2128 953 2192 Parana
976 2127 1160 2208 respective
1176 2145 1258 2190 non·
1284 2138 1387 2215 Mate

146 2231 337 2312 cupandae,
361 2240 394 2306 et
420 2241 458 2294 ut
481 2229 575 2294 inira¹
593 2231 782 2313 erigendae,
805 2239 903 2295 erunt
925 2229 1142 2294 adiiciendae.
1160 2229 1259 2293 Nova
1285 2217 1403 2267 ’ΨΜ

145 2335 261 2417 itaque
277 2334 361 2398 haec
386 2333 598 2416 Episcopalis
615 2333 720 2400 Sedes
736 2333 1013 2415 Nictheroyensis
1039 2333 1086 2396 sic
1103 2333 1164 2396 erit
1180 2351 1259 2396 con·

144 2439 285 2501 stituta:
312 2436 479 2501 constabit
505 2455 628 2519 nempe
651 2457 696 2501 ex
708 2437 852 2502 statibus
879 2435 1043 2500 Fluminis
1059 2435 1209 2518 Januarii
1225 2443 1259 2498 et

147 2539 296 2624 Spiritus
311 2542 429 2620 sancti,
444 2541 591 2623 demptis
610 2540 776 2606 territorio
786 2529 966 2606 Ecclesiae
977 2540 1260 2624 Metropolitanae
1286 2570 1437 2638 rufusrerri·

145 2646 302 2712 Australi
334 2648 590 2714 constituendae
616 2649 707 2727 dat0,
730 2659 764 2713 et
780 2649 947 2714 territorio
962 2667 1021 2711 seu
1037 2655 1127 2711 statu
1144 2645 1179 2712 S.
1196 2645 1260 2712 Ca·
1279 2639 1385 2770 m
1398 2635 1440 2750 di}

147 2751 311 2830 tharinae,
352 2751 409 2833 qui
446 2752 490 2836 ad
532 2751 687 2816 eamdem
733 2751 919 2816 Ecclesiam
962 2749 1260 2834 Metropolitanam
1384 2739 1392 2764 ’

146 2855 305 2938 primitus
333 2855 532 2937 pertinebat.
560 2855 684 2922 Sedem
710 2865 744 2920 et
760 2854 965 2921 Cathedram
991 2853 1211 2937 Episcopales
1226 2852 1261 2916 in

147 2959 246 3025 Urbe
263 2959 450 3041 Nictheroy
466 2970 629 3042 perpetuo
643 2958 834 3038 fundamus,
849 2959 1105 3042 Ecclesiamque
1121 2958 1155 3024 S.
1173 2959 1262 3021 Lau·
1287 2969 1404 3019 cathedra

147 3062 259 3128 tentio
289 3063 393 3126 modo
418 3063 564 3128 dicatam
593 3064 636 3126 ad
663 3061 874 3128 Cathedralis
911 3061 1082 3127 Ecclesiae
1117 3062 1260 3144 gradum
1280 3035 1419 3100 fundam
1429 3052 1440 3091 ''

1286 3102 1367 3150 altera
1373 3113 1439 3159 vero,

147 3165 317 3250 erigimus.
346 3165 490 3249 Reliqua
515 3167 651 3232 demum
666 3187 752 3232 nova
770 3165 942 3230 Dioecesis
971 3165 1203 3249 Curitybensis
1218 3165 1261 3228 de
1291 3166 1439 3244 cuffryben·

148 3271 282 3335 Parana
293 3269 462 3336 constabit
479 3290 523 3332 ex
539 3279 629 3334 statu
647 3271 857 3352 cognomine,
869 3279 903 3333 et
920 3290 965 3332 ex
982 3279 1071 3334 statu
1086 3268 1121 3334 S.
1137 3268 1261 3334 Catha·
1287 3229 1440 3362 2552ae

148 3373 251 3449 rinae,
271 3392 372 3455 quern
390 3391 410 3436 a
427 3371 691 3455 Metropolitana
726 3373 892 3436 Fluminis
916 3371 1066 3454 Januarii
1092 3370 1260 3436 divulsum
1288 3363 1372 3477 zemeri
1389 3377 1438 3475 'tf‘

148 3473 371 3540 declaramus.
411 3475 524 3539 Huius
560 3476 684 3557 pariter
714 3495 821 3539 novae
854 3474 1028 3538 Dioecesis
1071 3471 1196 3538 Sedem
1228 3481 1262 3536 et
1288 3443 1439 3554 assensisset..

148 3578 354 3644 Cathedram
373 3577 592 3661 Episcopales
615 3580 648 3642 in
666 3577 761 3644 Urbe
779 3577 943 3660 Curityba
958 3575 1150 3653 fundamus,
1162 3585 1263 3658 prout

148 3683 253 3746 etiarn
270 3698 400 3746 sacram
425 3682 558 3747 Aedem
577 3681 746 3766 Deiparae
761 3682 826 3747 sub
846 3681 978 3747 tituloa
994 3682 1087 3746 Luce
1113 3680 1261 3744 dicatam

148 3787 194 3852 ad
211 3785 486 3851 Cathedralitatis
502 3787 663 3851 honorem
675 3797 708 3852 et
717 3787 860 3870 gradum
876 3795 1041 3869 perpetuo
1057 3783 1262 3850 extollimus

148 3891 294 3958 Limites
315 3891 485 3974 praelatae
505 3891 678 3957 Dioecesis
694 3893 736 3956 ad
753 3892 959 3975 Aquilonem
976 3901 1073 3956 erunt
1090 3889 1262 3954 Dioecesis
1288 3897 1427 3947 limitatur.

150 3995 188 4062 S.
206 3995 344 4073 Pauli,a
361 4015 428 4078 qua
438 3995 599 4060 dividitur
610 3995 804 4060 fluminibus
823 3997 1107 4078 Paranapanema,
1124 3993 1261 4059 Sacare·

147 4098 238 4176 miri,
264 4097 396 4165 Sturale
417 4098 654 4182 Stapirapuan,
690 4110 724 4164 et
748 4112 869 4164 catena
897 4101 1062 4164 montium
1090 4099 1261 4180 nigrorum

146 4203 326 4286 usquead
353 4201 476 4267 flumen
505 4203 698 4288 Ararapira.
722 4222 766 4258 ⁴-
792 4204 849 4269 Ad
875 4215 986 4269 ortum
1015 4203 1172 4270 Oceanus
1198 4202 1262 4267 At·

146 4307 295 4372 lanticus
319 4326 425 4390 usque
445 4307 487 4372 ad
509 4306 634 4372 flumen
651 4307 899 4392 Magnipituba.
913 4345 958 4358 -
972 4307 1031 4372 Ad
1060 4307 1223 4372 Austrum
1240 4326 1260 4370 a
