3216 4880
426 327 496 396 292
551 326 734 378 musrom
753 325 965 378 sncrccrcn
983 315 1005 342 ‘¹
1025 326 1201 378 1ucuu1>n
1219 325 1378 378 sennen.
1400 302 1418 328 ''

245 488 392 566 conniveri
422 497 487 559 que
514 479 666 554 occurrit,
681 497 749 560 qua
774 477 879 540 divini
906 477 1035 540 consilii
1067 475 1270 540 excellentia
1296 473 1365 552 fiat,
1396 485 1444 552 ut,
1465 496 1522 558 ope

245 559 383 669 mm
423 589 565 666 Rosarii‚
579 601 612 652 et
629 588 831 670 impetrandi
843 587 965 653 fiducia
979 589 1013 650 in
1029 588 1160 652 animos
1175 589 1386 670 precantium
1403 591 1521 652 suavis·

420 695 504 758 sime
521 695 636 758 influat
652 705 686 758 et
702 704 855 758 materna
867 694 899 756 in
911 693 1064 756 homines
1074 691 1183 756 almae
1196 691 1345 776 Virginis
1359 693 1523 757 miseratio

273 785 359 900 ,¹332
421 817 552 862 summa
568 799 778 882 benignitate
794 799 837 862 ad
853 797 1089 879 opitulandum
1107 797 1316 877 respondeat.

277 885 394 998 ,mm
464 903 565 988 Quod
587 903 716 966 Mariae
742 903 945 985 praesidium
972 901 1101 966 orando
1126 901 1326 983 quaerimus,
1343 901 1410 966 hoc
1440 919 1523 976 sane,

243 1013 376 1063 ideoinvo·
419 1015 591 1089 tamquam
614 1008 646 1069 in
672 1006 903 1084 fundamento,
920 1005 953 1070 in
985 1025 1122 1070 munere
1148 1005 1265 1088 nititur
1295 1004 1523 1068 conciliandae

241 1095 391 1210 quodcum
419 1107 515 1172 nobis
531 1109 664 1172 divinae
680 1109 818 1190 gratiae,
832 1127 901 1190 quo
926 1107 1000 1190 ipsa
1026 1109 1237 1171 continenter
1263 1105 1415 1187 iungitur
1438 1108 1524 1186 apud

271 1225 392 1287 minian
419 1213 539 1292 Deum,
554 1213 719 1295 dignitate
735 1223 768 1277 et
785 1214 911 1278 meritis
927 1215 1171 1296 acceptissima,
1198 1211 1365 1294 longeque
1390 1211 1524 1276 Caeliti-

234 1275 392 1389 aaut&
417 1317 479 1380 bus
495 1318 619 1380 sanctis
639 1317 796 1380 omnibus
813 1317 964 1399 potentia
987 1316 1197 1380 antecellens.
1217 1316 1294 1380 Hoc
1308 1333 1390 1380 vero
1406 1334 1524 1377 munus

237 1405 391 1520 {fflffi
416 1421 448 1484 in
466 1421 558 1484 nullo
586 1419 725 1484 sortasse
741 1421 859 1486 orandi
888 1421 990 1484 modo
1011 1431 1079 1484 tam
1098 1430 1191 1503 patet
1207 1439 1406 1502 expressum
1423 1437 1523 1501 quarn

237 1551 295 1585 vero
309 1536 389 1584 omni·
416 1524 447 1586 in
463 1523 605 1586 Rosario
621 1544 628 1601 ;
644 1524 677 1586 in
694 1543 761 1606 quo
778 1535 889 1606 partes
905 1544 991 1607 quae
1008 1524 1141 1588 fuerunt
1157 1523 1307 1606 Virginis
1320 1521 1362 1586 ad
1380 1521 1522 1586 salutem

235 1607 389 1732 33ξὲΐῇ
414 1629 588 1692 hominum
606 1629 850 1709 procurandam
862 1630 908 1692 sic
921 1638 1101 1704 recurrunt,
1114 1627 1211 1710 quasi
1224 1625 1392 1709 praesenti
1403 1624 1522 1689 effectu

274 1733 387 1792 norant,
415 1733 605 1816 explicatae
623 1756 630 1796 ε
647 1733 679 1795 id
692 1735 784 1814 quod
801 1733 903 1796 habet
916 1733 1080 1796 eximium
1095 1733 1231 1815 pietatis
1245 1731 1523 1810 emolumentum,

209 1833 212 1842 ’
237 1813 389 1926 52:522ss
414 1837 482 1900 sive
498 1835 600 1898 sacris
617 1835 784 1916 mysteriis
796 1835 839 1898 ad
850 1835 1149 1916 contemplandum
1171 1833 1440 1910 succedentibus,
1456 1835 1522 1894 sive

265 1944 328 2043 Ψ
337 1930 390 2042 (ᾖ
411 1939 565 2024 precibus
580 1959 637 2002 ore
659 1940 714 2020 pio
741 1939 909 2004 iterandis.
921 1975 965 1990 -·
980 1939 1150 2023 Principio
1164 1959 1273 2002 corani
1295 1948 1376 2000 sunt
1392 1951 1521 2002 Gnvbu

281 2009 387 2136 sdfdrrm
413 2047 580 2130 mysteria.
594 2045 697 2108 Filius
720 2047 809 2110 enim
828 2046 891 2108 Dei
908 2056 1064 2110 aeternus
1088 2067 1161 2108 sese
1191 2045 1330 2110 inclinat
1354 2046 1399 2107 ad
1416 2046 1520 2108 homi-

248 2125 387 2254 },ffl‘ss
412 2171 480 2229 nes,
510 2151 613 2214 homo
641 2150 768 2231 iactus;
784 2151 988 2215 assentiente
1018 2171 1097 2214 vero
1126 2149 1236 2216 Maria
1265 2159 1300 2214 et
1332 2149 1522 2232 concipiente
1594 2153 1595 2190 ³

254 2256 322 2315 ram,
335 2257 387 2304 ⁸¹³¹·
411 2255 450 2320 de
467 2255 598 2337 Spiritu
613 2266 730 2320 sancto.
747 2255 835 2318 Turn
850 2255 995 2319 Ioannes
1012 2265 1165 2318 materno
1195 2255 1228 2318 in
1256 2263 1353 2317 utero
1379 2250 1521 2332 sanctifi-

243 2322 386 2450 mm
411 2369 508 2424 catur
520 2361 720 2424 charismate
745 2361 878 2444 insigni,
899 2360 1059 2443 lectisque
1086 2359 1184 2424 donis
1214 2357 1262 2422 ad
1285 2357 1360 2422 vias
1385 2355 1523 2420 Domini

195 2504 197 2510 ·
234 2451 386 2566 qqeinacau·
403 2465 579 2548 parandas
594 2466 767 2528 instruitur
781 2487 789 2544 ;
805 2465 888 2528 haec
904 2473 1017 2542 tamen
1034 2465 1234 2547 contingunt
1250 2483 1295 2526 ex
1320 2463 1520 2526 salutatione

273 2553 279 2577 ¹
413 2569 551 2646 Mariae,
573 2578 752 2650 cognatam
768 2569 884 2632 divino
900 2567 1015 2632 afflatu
1033 2569 1180 2631 visentis.
1200 2567 1237 2630 in
1255 2567 1364 2630 lucem
1383 2565 1518 2628 tandem

411 2673 521 2735 editur
537 2671 698 2750 Christus,
709 2673 883 2756 expectatio
892 2673 1055 2756 gentium,
1066 2693 1110 2734 ex
1128 2672 1269 2756 Virgine
1286 2671 1397 2734 editur
1412 2691 1420 2748 ;
1436 2671 1518 2731 eius-
1593 2703 1594 2720 r

410 2778 534 2857 quead
552 2778 753 2841 incunabula
784 2789 936 2858 pastores
967 2787 1001 2840 et
1033 2778 1132 2859 magi,
1163 2775 1331 2858 primitiae
1354 2773 1443 2850 fidei,
1466 2771 1517 2852 pie

411 2878 616 2955 festinantes,
631 2879 801 2959 Infantem
819 2879 994 2944 inveniunt
1005 2901 1078 2944 cum
1091 2879 1210 2944 Maria
1226 2879 1342 2942 Matre
1356 2879 1435 2942 eius.
1452 2875 1516 2958 Qui

410 2984 541 3060 deinde,
558 2993 595 3046 ut
614 2995 720 3049 semet
747 2985 891 3050 hostiam
921 2985 997 3049 Deo
1025 2986 1115 3048 Patri
1140 2985 1205 3048 ritu
1236 2984 1372 3066 publico
1399 2984 1517 3058 tradat,

410 3085 617 3168 vultipsein
634 3087 798 3171 templum
826 3087 935 3152 afferri
951 3110 959 3168 ;
976 3089 1161 3153 ministerio
1186 3097 1299 3152 autem
1327 3087 1448 3152 Matris
1474 3089 1517 3150 ibi
1592 3131 1593 3152 r

409 3187 544 3254 sistitur
556 3189 707 3254 Domino.
727 3191 865 3270 Eadem,
884 3194 917 3256 in
943 3212 1064 3256 arcana
1089 3193 1185 3256 Pueri
1201 3191 1392 3268 amissione,
1408 3192 1514 3273 ipsum

409 3295 514 3359 anxia
529 3293 753 3359 sollicitudine
769 3297 935 3380 quaeritat
952 3298 1142 3380 reperitque
1169 3296 1297 3380 ingenti
1328 3296 1462 3379 gaudio.
1475 3333 1515 3344 -

410 3399 527 3478 Neque
550 3399 647 3463 aliter
663 3400 843 3482 loquuntur
859 3415 1021 3468 DOLORIS
1038 3402 1204 3485 mysteria.
1232 3401 1270 3464 In
1297 3399 1513 3466 Gethsemani

409 3503 516 3580 horto,
532 3503 587 3566 ubi
608 3504 714 3568 IESUS
731 3514 830 3585 pavet
851 3517 1044 3588 moeretque
1069 3506 1111 3570 ad
1133 3517 1284 3580 mortem,
1311 3513 1345 3566 et
1369 3505 1401 3566 in
1422 3522 1513 3586 prae·
1591 3589 1592 3592 Ἴ

407 3607 503 3686 torio,
533 3607 590 3669 ubi
617 3606 727 3688 flagris
759 3608 917 3685 caeditur,
955 3609 1072 3690 spinea
1109 3628 1232 3672 corona
1269 3607 1513 3690 compungitur,
1591 3619 1592 3680 l

407 3711 571 3792 supplicio
602 3711 772 3788 multatur,
802 3713 898 3776 abest
936 3733 975 3776 ea
1005 3713 1142 3795 quidem
1175 3713 1292 3789 Maria,
1324 3711 1405 3776 talia
1437 3731 1512 3772 vero

407 3814 532 3878 iamdiu
564 3815 664 3878 habet
691 3815 827 3896 cognita
857 3827 891 3879 et
918 3826 1102 3898 perspecta.
1119 3815 1233 3899 Quum
1258 3816 1347 3880 enim
1375 3835 1412 3879 se
1441 3813 1512 3878 Deo

406 3917 458 3982 uel
475 3918 630 3982 ancillam
656 3919 699 3984 ad
724 3921 839 3984 matris
866 3917 1014 3984 officium
1040 3919 1196 3985 exhibuit
1220 3919 1272 3984 vel
1301 3929 1409 3982 totam
1437 3939 1508 3981 cum
1590 3955 1591 3986 r

406 4025 493 4090 Filio
509 4026 541 4090 in
558 4026 686 4109 templo
702 4027 848 4106 devovit,
871 4037 1014 4109 utroque
1041 4049 1086 4092 ex
1120 4028 1210 4093 sacto
1240 4029 1307 4090 iam
1334 4035 1408 4091 tum
1435 4045 1509 4090 con-

406 4148 476 4191 sors
500 4149 577 4192 cum
605 4149 645 4193 eo
672 4131 787 4195 extitit
808 4131 993 4195 laboriosae
1009 4149 1070 4214 pro
1085 4132 1235 4196 humano
1250 4149 1373 4214 genere
1395 4131 1507 4212 expia·
1590 4169 1591 4256 q

405 4233 532 4298 tionis:
556 4253 600 4297 ex
627 4255 694 4318 quo
718 4237 831 4313 etiam,
860 4238 893 4301 in
918 4235 1139 4300 acerbissimis
1167 4235 1242 4301 Filii
1273 4233 1456 4318 angoribus
1477 4245 1507 4296 et

406 4337 648 4416 cruciamentis,
664 4341 814 4405 maxime
833 4341 946 4404 animo
962 4341 1172 4406 condoluisse
1197 4339 1424 4406 dubitandum
1443 4357 1504 4402 non
1587 4415 1590 4556 q

1153 4635 1179 4696 Nu
