3296 4886
547 269 597 318 oa
625 265 794 319 senous,
1180 264 1225 336 79

111 433 148 488 et
160 424 321 488 iudicatio
332 423 376 486 ad
387 423 551 488 Nostrum
562 423 730 502 pertinent
744 419 1101 496 ministerium,cuncta
1110 418 1226 480 sedate
1254 444 1407 507 rigentem-

111 528 351 611 expendamus
366 535 401 590 et
429 524 545 609 procul
570 525 662 588 omni
691 525 835 606 partium
864 511 985 613 studio,¹
1008 523 1157 584 animum
1180 521 1227 584 ita
1249 508 1341 573 pemrn

111 639 349 712 comparatum
362 649 501 693 caussae
514 627 769 710 cognoscendae
780 627 1119 708 applicuimus,quam
1134 645 1227 706 prae-

111 732 273 797 laudatus
302 733 586 816 Archiepiscopus
604 730 712 795 Nobis
736 729 963 793 definiendam
991 728 1113 806 attulit,
1130 727 1228 809 profr-

111 847 189 900 tens
207 857 243 900 se
269 848 428 920 prompte
452 846 486 900 et
501 835 642 899 omnino
665 835 851 916 pariturum
869 833 1056 896 sententiae
1073 832 1229 910 Nostrae,

110 959 349 1021 quaecumque
365 939 502 1003 demum
519 959 559 1002 ea
571 938 666 1016 soret,
678 959 765 1020 quae
774 958 856 1000 sane
868 937 1068 1018 protestatio
1078 936 1111 998 in
1124 935 1228 1017 ipsius

109 1044 251 1107 laudem
264 1043 352 1106 cedit
369 1051 402 1106 et
419 1063 438 1105 a
463 1041 572 1106 Nobis
589 1062 656 1105 non
681 1049 813 1124 poterat
839 1041 1053 1104 vehementer
1069 1061 1135 1104 non
1153 1061 1228 1122 pro·

112 1148 199 1210 bari.
216 1146 330 1229 Quum
349 1166 449 1228 porro
465 1145 596 1209 naviter
612 1146 803 1208 dederimus
827 1165 964 1224 operam
982 1152 1019 1206 ut
1035 1143 1229 1226 plenissime

109 1252 225 1316 Nobis
238 1251 402 1314 factorum
414 1251 537 1314 veritas
550 1249 643 1313 fieret
655 1249 842 1332 explorata,
858 1257 1014 1329 recteque
1036 1247 1227 1310 aestimare-

108 1365 168 1419 tur
183 1355 355 1419 rationum
368 1354 502 1436 pondus
519 1373 605 1436 quae
622 1354 778 1436 utrinque
792 1350 1027 1444 afferebantur,
1044 1351 1228 1414 constituto

108 1459 276 1542 peculiari
293 1465 390 1522 coetu
420 1457 558 1520 Patrum
577 1455 807 1521 Cardinalium
824 1477 868 1520 ex
895 1456 934 1518 iis
956 1456 1087 1519 delecto
1107 1457 1228 1538 quibus
1257 1477 1407 1540 arquedirr.

109 1582 247 1626 sacrum
265 1561 452 1627 Consilium
474 1569 607 1624 constat
635 1561 819 1624 christiano
844 1559 972 1623 nomini
998 1559 1228 1641 propagando
1257 1541 1374 1656 mi?

109 1669 171 1751 qui
189 1687 264 1730 sese
277 1667 354 1730 huic
370 1666 484 1730 studio
495 1665 630 1728 addixit
642 1665 817 1748 diligentia
834 1663 1003 1746 singulari,
1019 1663 1227 1745 propositam
1258 1679 1370 1736 responso
1392 1690 1408 1721 a

109 1771 348 1855 quaestionem
362 1789 402 1834 eo
415 1789 576 1851 responso
593 1769 816 1832 dirimendam
834 1767 1022 1832 censuimus
1033 1765 1130 1848 ‚quod
1147 1765 1227 1828 dile·
1257 1737 1408 1866 gffi‘⁸⁰d,

109 1884 189 1939 ctus
203 1873 290 1937 filius
304 1873 429 1938 Noster
443 1872 631 1938 Cardinalis
644 1875 753 1938 eidem
766 1894 861 1937 sacro
877 1855 1030 1936 Consilid
1042 1870 1228 1952 praefectus
1258 1870 1401 1946 &waran-

109 1979 207 2042 iussu
224 1978 353 2041 Nostro
368 1975 518 2060 patefieri
534 1979 662 2040 curavit
678 1978 891 2042 eeclesiarum
910 1973 1123 2038 Praesulibus
1142 1993 1229 2055 quae
1257 1935 1408 2050 fflffl

111 2083 147 2144 in
159 2081 356 2144 civitatibus
374 2079 553 2144 foederatis
570 2089 648 2144 sunt
664 2081 843 2144 Americae
856 2077 1229 2162 Septentrionalis.Quo
1272 2115 1410 2180 judicium

110 2183 265 2267 pressius
281 2192 396 2248 autem
412 2183 494 2247 illud
511 2203 691 2266 urgeamus
711 2186 801 2266 quod
827 2185 957 2246 animos
981 2191 1110 2247 vestros
1127 2202 1229 2264 ange·
1258 2181 1408 2293 naclderea

112 2290 184 2364 bat,
212 2308 340 2370 vosque
367 2288 410 2350 ad
436 2287 649 2350 scribendum
681 2289 855 2370 permovit,
885 2289 1041 2352 certiores
1067 2307 1127 2351 vos
1160 2287 1229 2350 fieri
1258 2252 1378 2374 {03ss

111 2391 283 2468 volumus,
299 2393 467 2454 neminem
490 2392 522 2454 in
540 2390 603 2453 hoc
621 2391 742 2453 iudicio
767 2392 990 2472 suspicionem
1016 2389 1126 2456 Nobis
1150 2392 1230 2454 inie·
1258 2377 1379 2442 vnzdicar.

112 2497 203 2558 cisse
215 2495 405 2558 timendum
423 2493 493 2558 lore
505 2513 547 2556 ne
563 2493 684 2558 infesta
700 2494 812 2576 aliqua
829 2496 966 2559 vexatio
979 2495 1152 2559 catholicis
1169 2495 1230 2558 im-

112 2599 282 2682 penderet
294 2600 321 2661 si
339 2619 378 2662 ea
394 2618 481 2680 quae
497 2606 593 2679 gesta
604 2596 734 2660 fuerant
750 2599 793 2660 ab
805 2598 1071 2680 Archiepiscopo
1089 2597 1122 2663 S.
1137 2599 1230 2661 Pauli

112 2705 206 2767 circa
221 2702 354 2766 scholas
371 2703 404 2765 in
417 2701 544 2784 oppido
560 2701 641 2764 sitas
657 2701 835 2764 Faribault
845 2711 879 2764 et
897 2701 1110 2764 Stillwatera
1124 2701 1233 2764 Nobis

113 2815 232 2872 essent
259 2803 458 2887 improbata.
486 2803 601 2886 Quum
619 2825 726 2887 neque
753 2805 841 2867 idem
867 2804 1078 2868 Venerabilis
1107 2805 1234 2884 Frater,

114 2931 180 2975 nec
195 2911 279 2973 alius
289 2909 430 2992 quilibet
442 2908 540 2972 huius
551 2908 686 2991 periculi
706 2911 911 2971 mentionem
929 2907 1053 2986 fecerit,
1069 2908 1173 2992 liquet
1189 2931 1233 2974 ex

114 3014 275 3080 mendaci
288 3013 379 3096 vulgi
390 3034 523 3082 rumore
539 3016 665 3082 famam
682 3039 754 3081 esse
764 3019 918 3082 obortam
936 3039 1023 3100 quae
1039 3041 1098 3082 vos
1113 3020 1145 3082 in
1164 3021 1234 3084 ina-

114 3138 198 3182 nem
215 3139 350 3200 prorsus
366 3127 400 3182 et
411 3118 528 3184 salsam
539 3123 734 3204 opinionem
747 3123 899 3186 adduxit.
918 3123 990 3185 Nos
1004 3125 1174 3187 enimvero
1191 3125 1233 3187 ad

114 3223 259 3286 huiusce
271 3242 410 3286 caussae
422 3225 649 3306 cognitionem
661 3219 888 3309 iudiciumque
898 3228 1048 3296 animum
1060 3228 1235 3290 attulimus

116 3325 226 3409 probe
248 3346 432 3389 memorem
450 3328 707 3411 studiosumque
732 3331 941 3393 decretorum
971 3349 1065 3412 quae,
1082 3352 1233 3413 praemo-

118 3439 224 3494 nente
250 3430 312 3494 hac
344 3431 545 3512 Apostolica
572 3432 669 3510 Sede,
697 3435 730 3496 in
760 3435 906 3516 Synodis
935 3433 1235 3498 Baltimorensibus

117 3553 222 3615 super
237 3533 360 3596 scholis
376 3535 618 3614 paroecialibus
631 3539 780 3600 conscita
796 3550 882 3600 sunt.
902 3539 995 3602 Haec
1007 3539 1143 3621 quidem
1156 3559 1235 3601 con-

118 3646 252 3702 stanter
267 3638 389 3700 servari
417 3639 572 3702 volumus
588 3662 596 3720 ;
612 3643 771 3722 quoniam
798 3663 877 3705 vero
905 3643 969 3706 hoc
994 3643 1124 3706 cunctis
1147 3643 1234 3708 inest

118 3741 252 3824 legibus
275 3741 486 3821 generalibus
504 3753 549 3820 ut,
576 3745 686 3826 siquid
703 3745 872 3826 singulare
888 3749 1021 3812 eveniat
1038 3768 1098 3811 nec
1119 3749 1233 3829 opina·

118 3857 204 3922 tum,
222 3843 348 3908 factum
366 3844 499 3908 tolerari
528 3857 640 3930 queat,
656 3850 819 3912 suadente
846 3853 1027 3934 aequitate,
1044 3851 1134 3932 quod
1153 3871 1235 3913 non-

117 3951 202 4014 nihil
227 3947 465 4031 averbolegis
488 3954 631 4031 recedat,
657 3953 754 4016 facile
769 3956 994 4036 comperimus
1011 3975 1125 4016 casum
1147 3954 1235 4017 hunc

115 4054 281 4120 incidisse
300 4074 309 4131 ;
326 4053 466 4134 proinde
493 4059 724 4124 moderatione
740 4079 778 4122 ac
795 4059 971 4142 prudentia
996 4059 1090 4134 duce,
1110 4057 1236 4138 potius-

115 4179 221 4242 quam
242 4156 329 4238 legis
345 4158 461 4238 rigore,
473 4180 542 4224 rem
554 4162 596 4226 de
613 4184 678 4245 qua
688 4165 850 4245 agebatur
863 4165 1077 4229 iudicandam
1089 4184 1161 4226 esse
1173 4165 1236 4227 rati

112 4260 417 4328 sumus..Ceterum
430 4262 514 4327 inter
527 4283 638 4326 sacros
650 4273 780 4327 vestrae
791 4265 934 4346 regionis
948 4263 1139 4338 Antistites,
1151 4283 1235 4344 quos
