3250 4888
423 283 472 356 94
669 285 964 338 INDULGENTIAE
991 283 1039 333 ET
1066 284 1286 334 PRlVlLEGlA

831 453 997 519 ¹V.

435 590 765 764 INDULGENTIAM
799 594 979 676 sexaginta
1017 591 1145 656 dierum
1180 590 1348 654 lucrentur
1387 590 1524 666 sodales,

500 696 632 777 quoties
657 695 713 759 hi:
730 708 763 759 10
778 696 810 758 in
830 695 982 759 Ecclesia
999 693 1237 770 Parochiali,in
1254 713 1321 777 qua
1333 696 1451 758 sedem
1469 695 1523 758 ha·
1583 737 1584 784 ,

422 797 480 862 bet
515 797 741 877 Consociatio,
768 809 984 863 sacrosancto
1021 799 1147 862 Missae
1185 797 1358 875 sacrificio,
1387 799 1525 880 aliisque
1583 801 1584 850 l

421 902 543 965 divinis
559 901 676 966 officiis
692 905 815 968 devote
834 903 1046 967 adstiterint:
1061 915 1095 966 2⁰
1111 900 1161 964 vel
1178 901 1354 985 quinquies
1370 903 1524 966 recitave-
1583 895 1584 906 ’

421 1005 488 1070 rint
500 1006 697 1072 Orationem
714 1009 919 1072 dominicam
932 1019 965 1072 et
981 1007 1219 1073 salutationem
1237 1009 1439 1092 Angelicam
1467 1031 1525 1092 pro

420 1112 594 1176 sodalibus
618 1111 804 1177 defunctis:
823 1124 859 1193 3⁰
873 1110 925 1176 vel
941 1109 1143 1174 familiarum
1168 1111 1308 1176 dissidia
1327 1133 1523 1195 composue-

420 1213 487 1277 rint
501 1215 553 1279 vel
579 1217 816 1300 componenda
836 1215 1023 1279 curaverint
1038 1239 1045 1278 :
1060 1226 1096 1294 40
1107 1212 1159 1277 vel
1169 1203 1171 1206 ⁵
1182 1212 1326 1277 familias
1342 1235 1362 1278 a
1378 1215 1524 1280 iustitiae

419 1319 555 1382 tramite
570 1320 693 1398 devias,
710 1320 743 1382 in
760 1321 849 1384 viam
873 1320 989 1386 salutis
1005 1319 1162 1383 reducere
1189 1318 1378 1383 studuerint
1395 1337 1402 1378 :
1423 1331 1459 1401 5⁰
1475 1321 1522 1382 vel

418 1440 540 1504 pueros
571 1423 640 1486 sive
670 1423 799 1506 puellas
826 1424 1015 1488 christianis
1040 1423 1225 1506 praeceptis
1258 1424 1408 1487 imbuere
1440 1436 1523 1490 sate·

418 1526 678 1607 gerintz60ve1
704 1526 794 1592 aliud
818 1530 1055 1611 quodcumque
1085 1528 1178 1609 pium
1209 1546 1296 1610 opus
1327 1531 1524 1613 peregerint,

417 1629 508 1710 quod
525 1629 557 1692 in
575 1629 703 1694 bonurn
721 1630 988 1697 Consociationis
1004 1633 1111 1696 cedat.
1584 1687 1585 1712 ,

461 1731 654 1814 Sodalibus,
669 1737 696 1798 si
723 1735 910 1813 maluerint,
926 1735 1083 1800 omnibus
1099 1744 1133 1798 et
1149 1735 1289 1818 singulis
1306 1735 1523 1820 indulgentiis

414 1855 515 1920 supra
530 1838 630 1902 dictis
646 1839 716 1902 sive
733 1838 900 1922 plenariis,
912 1840 982 1903 sive
997 1839 1205 1923 partialibus,
1221 1841 1313 1906 labes
1330 1862 1523 1927 poenasque
1584 1865 1585 1876 ¹

414 1941 650 2006 defunctorum
667 1945 807 2028 expiare
824 1943 929 2009 liceat.

823 2231 1115 2298 PRIVILEGIA

740 2389 810 2452 Pro
826 2387 1003 2453 Sodalibus
1026 2389 1196 2452 universis.

460 2557 594 2636 Missae,
611 2577 698 2641 quae
714 2580 775 2643 pro
787 2559 957 2625 sodalibus
969 2559 1136 2625 defunctis
1151 2579 1363 2642 quocumque
1379 2562 1412 2622 in
1427 2559 1523 2623 altari
1585 2593 1586 2642 3

414 2644 682 2724 celebrabuntur,
691 2647 812 2710 iisdem
828 2647 1052 2730 suffragentur
1062 2668 1100 2712 ac
1113 2648 1140 2710 si
1154 2648 1186 2710 in
1197 2649 1294 2711 altari
1311 2647 1523 2730 privilegiato
1585 2651 1586 2732 ]

413 2731 670 2798 celebrarentur.
1585 2737 1586 2774 ἓ

842 2821 912 2885 Pro
925 2821 1092 2886 Paroclrr‘s.

459 2991 489 3056 1⁰
505 2993 720 3078 Privilegium
742 2995 857 3060 altaris
882 2997 1066 3080 personalis
1093 2997 1198 3061 tribus
1220 2996 1253 3060 iu
1275 2997 1426 3079 qualibet
1442 2997 1520 3062 heb-

413 3095 560 3160 domada
588 3100 707 3163 diebus
720 3121 728 3180 ;
739 3101 926 3166 dummodo
948 3101 1048 3165 simili
1065 3101 1239 3185 privilegio
1255 3101 1322 3165 alia
1344 3102 1387 3167 de
1402 3121 1521 3166 caussa

412 3218 478 3264 non
496 3201 719 3282 perfruantur.

457 3343 510 3407 110
527 3345 684 3410 Facultas
709 3345 931 3412 benedicendi
942 3355 1040 3409 extra
1051 3345 1181 3410 Urbem
1195 3343 1356 3423 Coronas,
1369 3345 1521 3422 Rosaria,

409 3446 544 3526 Cruces,
567 3449 765 3528 crucifixos,
792 3469 912 3532 parvas
943 3459 1073 3514 statuas
1103 3468 1142 3511 ac
1173 3447 1387 3525 numismata,
1403 3449 1520 3532 eisque

408 3553 604 3634 applicandi
626 3574 744 3617 omnes
774 3563 809 3618 et
836 3553 986 3636 singulas
1013 3552 1250 3634 indulgentias,
1272 3573 1356 3634 quas
1384 3551 1518 3618 Summi

410 3657 588 3722 Pontifices
612 3659 802 3724 adtribuere
819 3659 937 3723 iisdem
954 3657 1072 3733 solent,
1091 3668 1125 3720 ut
1142 3657 1343 3721 describitur
1358 3658 1390 3719 in
1413 3677 1519 3740 appo·

408 3761 474 3826 sito
489 3761 652 3842 elencho;
668 3764 727 3826 sed
741 3761 980 3826 tantummodo
992 3761 1183 3824 exercenda
1205 3781 1266 3845 pro
1283 3761 1458 3825 sodalibus
1485 3763 1517 3824 in

409 3863 703 3930 Consociationem
722 3867 869 3944 adscitis,
885 3867 940 3930 die
965 3885 1032 3948 quo
1052 3875 1085 3929 1⁰
1100 3866 1272 3929 christiani
1298 3866 1389 3948 piam
1408 3866 1518 3948 ingre·

407 3969 547 4032 diuntur
571 3967 864 4033 Consociationem
881 3987 888 4028 r
908 3981 941 4034 et
968 3978 1002 4034 2⁰
1025 3969 1232 4033 sollemniter
1260 3979 1438 4033 renovetur
1459 3991 1517 4053 pa·

408 4079 499 4134 ctum
517 4069 793 4138 Consociationis.

895 4204 1025 4218 ψ
