3222 4888
297 314 349 364 DE
375 312 528 367 STUDIIS
555 311 792 364 SCRIPTURAE
819 311 973 363 SACRAE.
1117 312 1185 362 211

86 489 160 530 nam
177 489 184 531 :
200 486 267 549 quo
278 466 383 531 veluti
396 463 580 550 specimine
592 463 703 528 allecti
720 463 875 545 discipuli
893 475 926 526 et
943 465 1063 538 edocti,
1080 475 1191 529 cetera
1258 466 1330 568 Νὸθκ

87 573 148 652 ipsi
164 571 338 652 perlegant
355 569 583 651 adamentque
611 569 643 632 in
661 567 754 630 omni
770 568 849 660 vita.
866 567 900 631 Is
917 589 1027 650 porro,
1043 569 1190 634 retinens
1242 579 1328 656 ὡς.

87 676 238 737 instituta
255 673 430 750 maiorum,
446 671 622 754 exemplar
638 671 670 733 in
688 671 752 734 hoc
780 681 890 734 sumet
913 673 1101 737 versionem
1118 673 1189 736 vul·
1217 641 1374 774 impij,-

57 820 59 824 .
85 793 196 861 gaiam
214 797 334 860 ;quam
349 775 538 842 Concilium
551 774 788 838 Tridentinum
803 771 838 835 in
841 773 984 855 publicis
995 773 1192 852 lectionibus,
1212 775 1369 890 mm·

84 880 367 966 disputatrbnibus,
389 879 692 963 praedicationibus
720 885 752 940 et
773 877 1023 958 expositionibus
1044 891 1108 962 pro
1132 901 1190 944 au·
1218 907 1366 970 avulgata

85 987 224 1050 theutica
248 985 439 1048 habendam
456 985 604 1048 decrevit
629 983 681 1066 (¹),
712 990 815 1062 atque
839 983 941 1046 etiam
973 987 1191 1048 commendat
1218 976 1347 1084 :mg

85 1091 279 1172 quotidiana
308 1087 481 1152 Ecclesiae
505 1085 725 1152 consuetudo.
751 1084 873 1166 Neque
901 1096 1015 1152 tamen
1043 1107 1112 1152 non
1130 1109 1190 1152 sua
1218 1101 1333 1178 reliquis¹

1218 1179 1341 1216 versiam·

85 1197 240 1259 habenda
263 1196 325 1259 erit
353 1194 441 1257 ratio
468 1193 672 1274 reliquarum
691 1188 891 1268 versionum,
908 1211 991 1274 quas
1007 1191 1191 1257 christiana
1218 1230 1263 1279 ,m
1274 1232 1370 1281 arcodi·

85 1293 232 1362 laudavit
259 1297 500 1378 usurpavitque
526 1297 721 1378 antiquitas,
738 1297 889 1360 maxime
904 1297 1059 1360 codicum
1077 1297 1190 1379 primi·
1217 1296 1349 1374 clampre·

83 1388 265 1484 geniorum.
280 1399 444 1484 Quamvis
460 1398 560 1472 enim,
575 1399 618 1460 ad
635 1411 804 1462 summam
817 1397 863 1459 rei
880 1399 971 1480 quod
988 1409 1129 1480 spectat,
1145 1419 1190 1461 ex
1218 1377 1351 1476 xiim

84 1507 286 1570 dictionibus
303 1504 473 1587 Vulgatae
497 1502 643 1565 hebraea
659 1511 693 1566 et
718 1521 839 1583 graeca
865 1503 952 1566 bene
969 1504 1100 1568 eluceat
1116 1523 1190 1567 sen·
1210 1507 1344 1622 ml&

84 1613 197 1686 tentia,
213 1619 364 1672 attamen
390 1609 417 1670 si
444 1607 523 1690 quid
550 1606 718 1688 ambigue,
744 1608 771 1670 si
799 1605 880 1689 quid
910 1607 1020 1671 minus
1037 1617 1191 1672 accurate
1217 1623 1354 1687 expenden-

84 1713 164 1776 inibi
181 1714 307 1775 elatum
325 1711 377 1786 sit,
394 1723 412 1778 t
430 1709 595 1789 inspectio
612 1709 845 1790 praecedentis
863 1710 1038 1793 linguae),
1054 1731 1190 1775 suasore
1213 1687 1354 1816 ἕζζιῖξξ·

85 1813 288 1896 Augustino,
304 1809 455 1894 proficiet
470 1812 521 1894 (²).
539 1813 696 1875 Iamvero
720 1833 779 1895 per
802 1833 838 1876 se
854 1813 968 1896 liquet,
985 1835 1088 1898 quam
1106 1815 1189 1878 mul·
1218 1820 1317 1868 renem.

84 1929 153 1981 tum
172 1916 331 1980 navitatis
348 1916 392 1978 ad
409 1915 492 1978 haec
509 1917 661 1980 adhiberi
687 1927 854 1999 oporteat,
870 1939 974 2001 quum
992 1922 1130 1983 demum
1147 1918 1191 1982 sit

85 2021 398 2088 <commentatoris
423 2018 579 2099 officium,
604 2042 671 2085 non
697 2022 778 2104 quid
806 2025 879 2106 ipse
903 2023 993 2100 velit,
1018 2025 1077 2088 sed
1109 2021 1189 2105 quid

86 2128 211 2190 sentiat
240 2125 295 2188 ille
320 2143 421 2206 quem
451 2125 698 2207 interpretetur,
725 2145 898 2208 exponere
923 2125 1011 2208 (3).>
1036 2164 1080 2176 -
1111 2125 1191 2189 Post
1276 2169 1369 2218 Sensus

84 2253 282 2317 expensam,
307 2233 363 2296 ubi
391 2251 478 2315 opus
506 2230 559 2308 sit,
585 2233 677 2294 omni
705 2231 871 2294 industria
902 2230 1094 2307 lectionem,
1117 2241 1189 2293 tum
1210 2233 1359 2311 juxtapo-

84 2337 174 2401 iocus
192 2337 254 2400 erit
273 2335 474 2398 scrutandae
497 2343 531 2396 et
558 2335 800 2416 proponendae
816 2335 1012 2398 sententiae.
1039 2333 1189 2396 Primum
1211 2300 1367 2430 imi*

82 2451 197 2505 autem
214 2439 394 2503 consilium
411 2448 472 2516 est,
488 2448 526 2500 ut
542 2438 685 2520 probata
701 2440 927 2503 communiter
942 2437 1189 2521 interpretandi
1214 2438 1345 2496 praecepta

82 2545 288 2625 praescripta
313 2551 411 2606 tanto
437 2542 687 2624 experrectiore
710 2543 932 2608 observentur
956 2564 1045 2622 cura,
1061 2553 1190 2627 quanto
1213 2503 1329 2612 iiiiii

83 2647 247 2710 morosior
274 2645 318 2710 ab
343 2644 543 2710 adversariis
570 2655 668 2729 urget
693 2646 875 2711 contentio.
903 2647 1087 2729 Propterea
1112 2667 1188 2712 cum

81 2752 197 2814 studio
208 2749 439 2833 perpendendi
451 2749 531 2832 quid
546 2750 619 2832 ipsa
631 2750 734 2813 verba
744 2751 890 2830 valeant,
901 2752 983 2834 quid
996 2752 1190 2816 consecutio

81 2873 193 2919 rerum
209 2853 301 2931 velit,
316 2853 397 2936 quid
424 2851 572 2916 iocorum
598 2853 785 2918 similitudo
810 2863 868 2917 aut
895 2855 977 2918 talia
993 2865 1115 2933 cetera,
1130 2875 1189 2919 ex·
1266 2911 1367 2962 Emdi-

81 2969 177 3022 terna
208 2977 344 3041 quoque
380 2956 557 3040 appositae
594 2958 791 3021 eruditionis
816 2958 997 3025 illustratio
1024 2963 1191 3026 societur:
1217 2977 1344 3027 nanim

80 3074 183 3128 cauto
204 3071 330 3139 tamen,
345 3080 388 3124 ne
418 3061 612 3125 istiusmodi
640 3063 893 3144 quaestionibus
918 3063 996 3146 plus
1027 3067 1190 3148 temporis
1216 3058 1348 3156 {mm

78 3166 248 3230 tribuatur
263 3173 297 3230 et
313 3183 436 3247 operae
451 3183 553 3248 quam
571 3165 811 3247 pernoscendis
827 3167 950 3230 divinis
967 3165 1089 3246 Libris,
1106 3188 1190 3232 neve
1216 3173 1286 3224 dum·

78 3280 258 3352 corrogata
275 3267 455 3350 multiplex
471 3288 581 3332 rerum
593 3270 743 3352 cognitio
760 3269 929 3334 mentibus
942 3271 1101 3335 iuvenum
1115 3272 1190 3355 pius

80 3372 289 3438 incommodi
306 3369 425 3434 afferat
440 3389 542 3453 quam
559 3371 756 3437 adiumenti.
777 3411 820 3422 -
845 3373 901 3437 Ex
918 3373 992 3450 hoc,
1010 3385 1104 3438 tutus
1127 3377 1190 3439 erit
1289 3439 1318 3490 (J

79 3477 206 3560 gradus
233 3476 276 3540 ad
302 3493 401 3538 usum
429 3473 564 3538 divinae
582 3475 775 3558 Scripturae
790 3477 824 3541 in
841 3497 876 3540 re
892 3477 1095 3558 theologica.
1112 3479 1191 3564 Quo
1218 3455 1368 3570 nuptm}

81 3581 112 3644 in
130 3599 255 3664 genere
282 3577 564 3643 animadvertisse
588 3591 732 3663 oportet,
759 3581 802 3645 ad
826 3589 958 3644 ‘ceteras
983 3581 1192 3648 difficultatis
1218 3571 1358 3684 ΫΨΞΤ

79 3706 227 3761 caussas,
242 3703 329 3766 quae
353 3684 386 3746 in
404 3681 576 3765 quibusvis
600 3686 816 3768 antiquorum
844 3685 937 3749 libris
963 3686 1193 3770 intelligendis
1213 3652 1357 3766 iiiia„

79 3792 149 3855 iere
164 3799 354 3864 occurrunt,
369 3787 522 3870 proprias
545 3789 673 3873 aliquas
696 3792 728 3854 in
756 3790 866 3855 Libris
893 3791 995 3853 sacris
1021 3795 1191 3858 accedere.
1219 3773 1290 3895 {¹32²
1303 3767 1369 3816 Μ’

82 3901 212 3963 Eorum
237 3897 328 3961 enim
353 3895 474 3972 verbis,
500 3903 637 3958 auctore
663 3893 790 3977 Spiritu
819 3891 956 3971 Sancto,
984 3915 1036 3958 res
1065 3896 1192 3962 multae
1220 3894 1333 3973 illamrb

80 4003 305 4067 subiiciuntur
332 4019 419 4083 quae
446 3997 616 4062 humanae
632 3998 699 4061 vim
717 3999 892 4081 aciemque
909 3999 1050 4063 rationis
1068 3999 1191 4086 longis·
1219 3969 1347 4094 {²225ssss

81 4107 168 4170 sime
186 4105 333 4181 vincunt,
360 4101 477 4166 divina
505 4101 633 4164 scilicet
661 4102 823 4183 mysteria
848 4109 883 4165 et
909 4121 996 4184 quae
1022 4122 1098 4166 cum
1127 4104 1191 4167 illis
1219 4095 1370 4143 tinetetva-

86 4215 1194 4302 m

82 4325 103 4368 3.
118 4311 143 4357 S.
159 4309 228 4355 Hier.
243 4310 276 4355 ad
287 4305 425 4354 Pammacb.
