3222 4888
393 292 463 343 202
510 293 607 342 nrm.
631 293 788 344 suesce.
813 281 834 310 ‘¹
854 294 1228 346 Paovrosurrssrnus
1246 295 1355 346 usos.
1378 271 1395 298 '¹

236 455 362 520 miisruc-
391 461 463 504 esse
479 442 576 506 datas
603 441 805 522 hominibus,
830 445 988 527 exempla
1005 445 1189 509 ostendunt
1206 445 1329 510 Christi
1355 445 1494 508 Domini

222 529 364 643 ‘'⁴222ss
390 557 424 608 et
441 545 694 627 Apostolorum.
709 547 786 628 Ipse
802 548 891 611 enim
917 549 972 630 qui
999 563 1018 618 t
1036 547 1205 612 miraculis
1230 549 1421 614 conciliavit
1439 569 1495 612 au·

260 652 364 766 {mr
389 651 590 727 ctoritatem,
605 651 804 716 auctoritate
821 653 940 716 meruit
964 651 1075 732 fidem,
1091 651 1158 716 fide
1183 653 1356 718 contraxit
1384 654 1495 716 multi-

205 753 361 846 μνη-Μ]
389 752 540 818 tudinem
557 753 601 836 (¹)
617 769 649 832 t,
665 754 708 817 ad
725 774 836 817 sacras
854 755 1009 833 Litteras,
1022 755 1055 818 in
1072 755 1207 819 divinae
1219 775 1299 852 suae
1315 753 1496 837 legationis

212 849 249 898 ‘¹¹3
287 915 364 964 Hanc
390 875 537 934 munere,
552 857 721 940 appellare
737 859 930 922 consuevit:
947 879 1023 922 narn
1042 879 1101 940 per
1123 861 1334 923 occasionem
1351 879 1397 922 ex
1414 859 1495 940 ipsis

214 981 363 1094 cyprum
388 957 490 1022 etiarn
514 979 587 1023 sese
610 980 631 1024 a
654 961 730 1025 Deo
756 961 894 1026 missurn
920 961 1099 1046 Deumque
1121 962 1271 1026 declarat
1301 983 1310 1040 ;
1345 981 1391 1032 ex
1414 962 1500 1046 ipsis

224 1053 363 1160 mm
389 1073 588 1144 argumenta
614 1064 697 1145 petit
724 1065 766 1128 ad
795 1065 978 1147 discipulos
1002 1065 1213 1142 erudiendos,
1235 1065 1278 1128 ad
1304 1065 1493 1129 doctrinam

243 1177 364 1252 urania·
388 1166 652 1232 confirmandam
670 1189 764 1231 suam
780 1191 787 1246 ;
804 1171 998 1234 earumdem
1023 1171 1217 1234 testimonia
1232 1179 1266 1233 et
1281 1189 1302 1234 a
1318 1167 1500 1233 calumniis

245 1242 363 1371 afim
388 1272 538 1337 vindicat
564 1273 836 1351 obtrectantium,
866 1285 900 1338 et
932 1271 1139 1341 Sadducaeis
1169 1293 1209 1338 ac
1241 1273 1429 1338 Pharisaeis
1452 1275 1494 1337 ad

238 1374 364 1485 armiger!
388 1376 807 1458 coarguendum'opponit,
822 1376 855 1440 in
873 1377 1051 1460 ipsumque
1076 1377 1249 1454 Satanam,
1266 1375 1499 1458 impudentius

283 1445 361 1496 Μ’
389 1478 636 1554 sollicitantem,
661 1488 832 1562 retorquet
847 1501 855 1558 ;
871 1481 1076 1562 easdemque
1104 1480 1168 1544 sub
1184 1480 1295 1562 ipsum
1321 1479 1409 1542 vitae
1426 1477 1499 1541 exi·

389 1591 461 1645 turn
487 1582 668 1665 usurpavit,
693 1582 957 1666 explanavitque
987 1583 1161 1666 discipulis
1187 1581 1366 1658 redivivus,
1391 1600 1502 1664 usque

389 1687 469 1750 duru
486 1690 528 1750 ad
548 1687 654 1750 Patris
670 1687 811 1770 gloriam
828 1687 989 1753 ascendit.
1005 1725 1049 1737 -
1076 1687 1159 1751 Eius
1175 1697 1288 1751 autem
1306 1706 1387 1750 voce
1403 1705 1497 1768 prae·

227 1814 251 1855 er
264 1809 363 1870 Aposra
389 1790 561 1872 ceptisque
578 1789 735 1874 Apostoli
752 1791 963 1869 conformati,
979 1791 1114 1856 tametsi
1137 1791 1242 1855 dabat
1258 1791 1330 1872 ipse
1353 1790 1451 1872 signa
1467 1797 1502 1851 rt
1597 1799 1598 1844 l

212 1871 363 1986 '⁰¹22'ss
382 1893 631 1979 prodrgnirfieri
639 1905 700 1976 per
713 1915 954 1960 manuseorum
971 1895 1025 1978 (²),
1041 1915 1200 1978 magnam
1224 1905 1339 1958 tamen
1355 1893 1499 1957 efficaci·
1597 1893 1598 1898 ’

212 2003 293 2066 signu
307 2008 362 2050 nn.
387 2007 494 2060 tatem
520 2018 564 2060 ex
592 1997 713 2062 divinis
742 2007 918 2062 traxerunt
936 1999 1055 2076 Libris,
1071 2007 1108 2063 ut
1130 1997 1346 2062 christianam
1363 1996 1497 2080 sapien-

212 2067 364 2184 lllllslsulll
390 2102 471 2166 tiam
489 2101 556 2166 late
571 2103 728 2184 gentibus
738 2104 986 2186 persuaderent,
1003 2113 1039 2168 ut
1057 2103 1258 2167 ludaeorum
1275 2100 1500 2184 pervicaciam

213 2199 363 2315 mixtis·
390 2205 592 2288 frangerent,
607 2217 644 2270 ut
660 2207 814 2270 haereses
830 2207 1091 2289 comprimerent
1107 2217 1331 2292 erumpentes.
1346 2206 1385 2269 ld
1402 2225 1498 2287 aper-
1598 2235 1599 2248 κ

336 2299 342 2312 ’
390 2319 462 2373 tum
474 2331 518 2373 ex
535 2311 681 2392 ipsorum
698 2311 925 2389 concionibus,
941 2312 974 2376 in
992 2313 1108 2394 primis
1126 2312 1221 2376 Beati
1239 2311 1340 2388 Petri,
1355 2329 1447 2393 quas,
1460 2309 1495 2372 in

390 2425 625 2496 argumentum
668 2413 896 2480 firmissimum
936 2415 1206 2499 praescriptionis
1245 2433 1361 2492 novae,
1397 2413 1503 2477 dictis

390 2517 511 2581 veteris
528 2506 737 2582 Testamenti
748 2518 815 2584 iore
827 2529 1086 2597 contexuerunt;
1099 2519 1200 2602 idque
1217 2519 1327 2600 ipsum
1341 2525 1437 2599 patet
1452 2537 1501 2580 ex

393 2621 556 2686 Matthaei
573 2631 607 2686 et
625 2622 785 2687 Iohannis
809 2623 1004 2705 Evangeliis
1025 2633 1126 2707 atque
1143 2643 1187 2686 ex
1205 2621 1399 2698 Catholicis,
1412 2641 1504 2705 quae

392 2735 562 2804 vocantur,
577 2725 727 2808 epistolis
741 2747 748 2805 3
764 2726 1027 2792 luculentissime
1049 2747 1127 2792 vero
1143 2747 1187 2792 ex
1204 2727 1275 2791 eius
1302 2724 1503 2790 testimonio

393 2831 450 2914 qui
470 2831 544 2898 (ad
570 2831 673 2912 pedes
700 2829 895 2896 Gamalielis
920 2831 1047 2914 Legem
1073 2831 1186 2914 Moysi
1203 2841 1237 2895 et
1254 2829 1441 2911 Prophetas
1466 2847 1504 2891 se

393 2933 551 2998 didicisse
577 2933 748 3014 gloriatur,
775 2945 812 2998 ut
839 2943 989 2998 armatus
1017 2933 1247 3016 spiritualibus
1277 2933 1354 2996 telis
1382 2940 1503 3015 postea

394 3037 519 3102 diceret
543 3035 777 3102 confidenter:
806 3039 917 3102 Arma
942 3036 1083 3102 malitiae
1109 3048 1238 3102 nostrae
1262 3058 1324 3100 non
1353 3035 1509 3100 carnalia

393 3150 480 3217 sunt,
494 3141 555 3204 sed
558 3141 706 3223 potentia
728 3141 798 3206 Deo
814 3139 859 3225 (³)
876 3157 903 3212 t.
919 3180 963 3192 -
993 3144 1054 3206 Per
1074 3143 1235 3228 exempla
1259 3143 1361 3224 igitur
1378 3141 1505 3207 Christi

290 3239 368 3350 Hans
395 3245 534 3310 Domini
549 3255 583 3310 et
599 3245 844 3327 Apostolorum
861 3265 978 3310 omnes
995 3247 1195 3330 intelligant,
1210 3247 1336 3311 tirones
1353 3265 1506 3326 praeser-

209 3304 367 3418 Jllllllnello]
395 3349 456 3412 tim
474 3348 613 3412 militiae
628 3369 751 3426 sacrae,
766 3351 883 3431 quanti
908 3349 1081 3415 faciendae
1097 3350 1165 3414 sint
1188 3350 1323 3414 divinae
1341 3348 1507 3424 Litterae,

217 3434 368 3559 uss‘ja'gfa‘z,
396 3461 429 3514 et
439 3471 507 3533 quo
522 3450 586 3533 ipsi
602 3451 715 3514 studio
732 3471 798 3534 qua
815 3450 976 3534 religione
991 3453 1034 3515 ad
1051 3453 1140 3516 idern
1158 3452 1261 3516 veluti
1276 3461 1506 3516 armamenta-

396 3556 481 3620 rium
498 3556 657 3620 accedere
672 3555 827 3620 debeant.
844 3553 932 3619 Nam
950 3555 1135 3620 catholicae
1148 3553 1297 3620 veritatis
1312 3556 1506 3620 doctrinam

396 3662 452 3742 qui
470 3659 618 3723 habeant
640 3659 729 3742 apud
757 3661 877 3724 doctos
904 3659 955 3723 vel
985 3659 1140 3724 indoctos
1165 3657 1388 3737 tractandam,
1412 3659 1505 3723 nulla

398 3763 529 3846 uspiam
546 3763 588 3828 de
605 3759 690 3838 Deo,
705 3781 838 3826 summo
850 3773 883 3826 et
907 3762 1149 3844 perfectissimo
1174 3762 1274 3839 bono,
1290 3761 1401 3845 deque
1425 3779 1506 3844 ope·

397 3865 488 3929 ribus
504 3864 644 3948 gloriam
661 3865 902 3948 caritatemque
917 3865 1021 3948 ipsius
1037 3865 1267 3948 prodentibus,
1282 3873 1441 3948 suppetet
1460 3865 1510 3928 eis

220 4018 250 4068 de
270 4017 371 4067 Reom-
399 3967 450 4032 vel
467 3967 669 4032 cumulatior
683 3969 780 4050 copia
798 3967 849 4031 vel
863 3969 1008 4051 amplior
1022 3967 1238 4052 praedicatio.
1257 3967 1310 4033 De
1327 3966 1508 4034 Servatore

217 4091 298 4150 prou,
399 4071 513 4136 autem
529 4071 667 4134 humani
684 4072 814 4153 generis
832 4071 912 4135 nihil
930 4073 1064 4136 uberius
1087 4070 1323 4155 expressiusve
1338 4091 1442 4154 quam
1460 4091 1513 4148 ea,

266 3816 296 3866 de
307 3815 369 3876 Deo,

434 4249 453 4280 r.
472 4235 495 4279 S.
510 4235 583 4292 Aug„
596 4234 698 4280 Derrtr'l.
709 4235 848 4288 cred.,x1v‚
859 4247 895 4294 3²·
908 4259 939 4270 -
954 4249 975 4282 a.
995 4237 1049 4281 Act.
1064 4244 1150 4293 xrv,3.
1168 4258 1197 4269 -·
1212 4247 1234 4292 3.
1252 4233 1275 4280 S.
1293 4233 1370 4285 Hier..
1385 4233 1515 4279 Dertndr'o

402 4301 491 4362 script.
504 4303 537 4347 ad
549 4301 641 4348 Paulin.
650 4307 683 4360 ep.
697 4311 754 4354 ΜΗ,
768 4315 789 4360 3.
