3296 4886
17 4299 22 4440 l

473 324 523 374 DE
551 321 714 374 ROSARIO
741 322 912 373 MARIALl.
1199 319 1239 370 11

135 482 298 555 relictam,
314 497 441 560 magno
457 475 636 558 complexa
651 475 775 554 animo,
788 485 939 542 materna
955 475 988 539 in
1005 493 1123 538 omnes
1134 471 1244 537 officia
1307 493 1382 574 ss²13r

135 583 316 651 confestim
342 582 454 664 coepit
480 581 684 661 impendere.
701 615 745 628 -
767 579 853 643 Tam
885 599 981 643 carae
998 577 1245 644 misericordiae
1309 565 1384 648 1891}

135 685 317 752 consilium
345 685 378 748 in
395 683 506 747 Maria
531 676 691 746 divinitus
718 683 911 746 institutum
938 694 971 747 et
996 683 1119 748 Christi
1144 691 1246 746 testa·
1272 701 1358 765 Ipsam
1373 701 1425 750 Der·

137 799 257 856 mento
273 798 394 866 ratum,
409 787 488 850 inde
504 785 547 850 ab
564 787 659 849 initio
682 786 789 850 sancti
806 786 965 869 Apostoli
982 788 1149 869 priscique
1165 785 1246 848 fide·
1271 766 1415 896 ww·

139 897 187 960 les
204 913 338 958 summa
364 911 441 954 cum
470 890 598 954 laetitia
622 899 819 968 senserunt;
846 899 1022 954 senserunt
1038 891 1118 954 itern
1137 899 1171 954 et
1185 890 1245 953 do·
1271 905 1336 974 tren
1358 899 1423 961 Apo-

138 1007 282 1062 cuerunt
305 993 513 1059 venerabiles
531 993 703 1058 Ecclesiae
729 995 854 1073 Patres,
869 1015 1055 1078 omnesque
1088 995 1120 1056 in
1152 993 1245 1056 omni
1270 963 1425 1078 ssffl’ssffssg

135 1110 251 1165 aetate
266 1099 468 1163 christianae
483 1107 600 1180 gentes
623 1098 803 1162 unanimae
827 1118 1046 1162 consensere:
1070 1098 1171 1181 idque
1197 1097 1244 1178 ip·
1272 1095 1378 1208 ῧᾰξφψ,

136 1223 224 1278 sum,
236 1202 289 1266 vel
307 1203 469 1266 memoria
485 1199 578 1264 omni
595 1199 781 1284 litterisque
796 1201 981 1277 silentibus,
993 1222 1062 1266 vox
1078 1200 1246 1283 quaedam
1273 1166 1424 1289 prfflfl.

136 1329 158 1371 e
184 1309 347 1388 cuiusque
372 1305 544 1368 christiani
571 1305 717 1368 nominis
746 1315 881 1386 pectore
897 1325 1086 1387 erumpens,
1102 1303 1249 1386 loquitur
1273 1289 1426 1419 wlff:

137 1410 370 1476 disertissima.
392 1408 472 1473 Non
500 1407 636 1473 aliunde
659 1418 711 1472 est
736 1429 817 1474 sane
842 1431 943 1493 quarn
970 1430 1015 1472 ex
1043 1409 1158 1473 divina
1173 1405 1249 1484 fide,
1273 1422 1342 1480 curn

138 1513 232 1598 quod
261 1532 323 1575 nos
348 1513 559 1595 praepotenti
586 1515 733 1595 quodam
758 1513 904 1598 impulsu
920 1515 1052 1596 agimur
1069 1511 1247 1577 blandissi·
1331 1536 1426 1586 inum

138 1637 261 1700 meque
288 1619 438 1702 rapimur
464 1617 507 1680 ad
525 1616 691 1694 Mariam;
717 1617 808 1700 quod
836 1611 992 1680 nihil'est
1007 1618 1178 1699 antiquius
1195 1617 1247 1680 vel
1273 1617 1402 1717 mm

139 1723 302 1807 optatius,
317 1741 419 1805 quarn
437 1729 473 1785 ut
490 1741 551 1784 nos
567 1720 600 1783 in
618 1721 688 1784 eius
704 1722 845 1784 tutelam
859 1722 1027 1804 fidemque
1036 1723 1247 1804 recipiamus,
1274 1747 1336 1792 naar,
1347 1731 1425 1809 stuci-

138 1829 192 1892 cui
210 1825 351 1890 consilia
367 1834 401 1890 et
415 1845 527 1906 opera,
543 1824 771 1906 integritatem
788 1834 821 1887 et
834 1825 1087 1906 poenitentiam,
1103 1844 1247 1906 angores
1272 1799 1429 1926 {mm

136 1941 170 1996 et
186 1931 322 2013 gaudia,
339 1948 454 2010 preces
480 1937 515 1992 et
540 1937 629 2003 vota,
644 1936 758 1991 nostra
784 1927 898 1990 omnia
923 1926 1022 2010 plene
1048 1929 1247 2006 credamus;
1273 1929 1391 2006 Magiam

137 2035 231 2117 quod
257 2051 375 2096 omnes
403 2032 548 2095 iucunda
575 2051 652 2113 spes
678 2041 712 2094 et
739 2029 861 2094 fiducia
888 2039 990 2108 tenet,
1006 2029 1076 2092 fore
1100 2040 1146 2107 ut,
1160 2050 1249 2112 quae
1273 2001 1320 2058 'ap
1321 2009 1399 2044 ’Μ’

144 2137 223 2200 Deo
242 2135 354 2198 miuus
369 2145 464 2217 grata
489 2153 508 2196 a
535 2133 632 2197 nobis
648 2133 890 2196 exhiberentur
906 2133 1063 2214 indignis,
1079 2153 1129 2209 ea,
1146 2131 1249 2195 Matri

140 2241 377 2306 sanctissimae
392 2238 638 2314 commendata,
654 2238 721 2300 sint
737 2246 835 2320 grata
849 2257 950 2320 quam
968 2241 1118 2302 maxime
1134 2247 1167 2302 et
1195 2257 1248 2300 ac·

140 2355 251 2428 cepta.
268 2345 423 2428 Quarum
450 2345 591 2408 veritate
618 2353 651 2407 et
678 2345 843 2408 suavitate
862 2363 970 2408 rerum
998 2352 1161 2427 quantam
1178 2345 1248 2406 ani-

140 2469 217 2514 mus
233 2448 325 2530 capit
341 2447 617 2525 consolationem,
632 2455 729 2511 tanta
755 2467 812 2510 eos
837 2447 1047 2530 aegritudine
1074 2447 1166 2510 dolet
1183 2447 1250 2528 qui,

141 2554 259 2620 divina
274 2551 341 2616 fide
356 2560 520 2632 carentes,
536 2553 679 2617 Mariam
707 2573 816 2636 neque
832 2552 982 2617 salutant
997 2573 1107 2634 neque
1123 2553 1249 2616 habent
1306 2563 1367 2612 llus
1390 2579 1425 2640 se-

137 2667 303 2722 matrem:
319 2675 504 2739 eorumque
520 2657 664 2739 amplius
679 2656 773 2721 dolet
801 2657 968 2721 miseriam
986 2657 1053 2740 qui,
1069 2656 1146 2721 fidei
1174 2677 1249 2720 san·
1268 2627 1405 2758 {welf

139 2769 217 2826 ctae
232 2779 338 2842 quum
366 2759 434 2822 sint
449 2760 637 2841 participes,
653 2759 761 2823 bonos
788 2769 901 2823 tamen
930 2759 1024 2823 nimii
1052 2761 1085 2823 in
1105 2759 1248 2823 Mariam
1274 2759 1426 2836 persaluta-

140 2862 337 2947 prolusique
362 2862 472 2927 cultus
496 2864 622 2926 audent
648 2883 807 2945 arguere:
831 2883 899 2948 qua
925 2885 959 2956 re
974 2865 1147 2946 pietatem,
1163 2884 1250 2947 quae
1275 2824 1430 2953 ssfssffl

140 2969 322 3032 liberorum
340 2978 401 3046 est,
417 2987 622 3050 magnopere
639 2968 786 3034 laedunt.
1274 2955 1420 3004 detrahunt.

184 3073 248 3135 Per
282 3072 370 3135 hanc
398 3072 509 3154 igitur,
533 3092 600 3154 qua
631 3072 785 3136 Ecclesia
816 3075 998 3155 asperrime
1028 3065 1272 3148 conflictatur,'

140 3175 307 3239 malorum
324 3174 515 3256 procellam,
531 3195 647 3238 omnes
664 3174 722 3238 filii
733 3177 804 3240 eius
820 3176 867 3257 pii
883 3175 981 3239 facile
1003 3175 1119 3240 vident
1146 3195 1248 3258 quam

139 3285 259 3341 sancto
269 3273 380 3340 officio
391 3276 644 3359 adstringantur
653 3277 865 3360 supplicandi
878 3278 1109 3341 vehementius
1122 3277 1206 3355 Deo,
1217 3285 1251 3340 et

140 3399 209 3464 qua
223 3379 403 3462 praecipue
429 3379 559 3442 ratione
586 3379 647 3442 niti
674 3379 830 3457 debeant,
858 3388 895 3443 ut
920 3380 1058 3442 eaedem
1085 3377 1252 3458 supplica·

139 3487 250 3550 tiones
266 3483 454 3548 maximam
470 3481 703 3548 efficacitatem
732 3485 800 3548 sint
815 3485 1000 3547 habiturae.
1024 3480 1249 3564 Religiosissi-

140 3603 274 3650 morum
303 3591 436 3664 patrum
463 3592 497 3647 et
524 3583 688 3647 maiorum
715 3583 880 3666 persecuti
905 3581 1074 3664 exempla,
1099 3581 1143 3644 ad
1176 3580 1250 3644 Ma·

139 3690 225 3753 riam
252 3695 405 3750 sanctam
430 3685 615 3750 Dominam
642 3695 790 3751 nostram
819 3685 1073 3770 perfugiamus3
1104 3684 1248 3748 Mariam

140 3791 290 3856 Matrem
307 3788 430 3854 Christi
452 3799 485 3853 et
506 3799 656 3856 nostram
674 3791 884 3873 appellemus
911 3789 1162 3872 concordesque
1191 3787 1249 3852 ob-

138 3905 329 3962 testemur:
355 3893 511 3958 Monstra
536 3902 568 3957 tc
589 3915 656 3958 esse
680 3905 828 3974 matrem,
858 3903 971 3958 sumat
985 3905 1051 3976 per
1073 3903 1104 3958 te
1131 3905 1251 3976 preces,

136 3997 271 4082 quipro
286 3995 377 4059 nobis
390 4007 498 4074 natus,
513 3997 593 4061 tulit
606 4018 672 4060 esse
686 4007 761 4062 tuus
777 3997 790 4081 (
808 4005 830 4082 ).
845 4035 889 4047 -
907 3998 1069 4073 lamvero,
1092 3997 1135 4061 de
1151 3996 1250 4060 variis
1321 4011 1429 4088 nnuma·

135 4102 275 4169 divinae
292 4101 411 4166 Matris
426 4103 587 4167 colendae
612 4102 763 4168 formulis
789 4113 824 4168 et
851 4103 1046 4178 rationibus,
1069 4120 1173 4183 quum
1191 4121 1250 4165 eae
1275 4083 1427 4191 {mm

134 4205 207 4270 sint
239 4205 499 4285 praeoptandae,
528 4225 611 4288 quas
642 4216 676 4270 et
706 4227 765 4287 per
791 4225 827 4270 se
853 4206 943 4288 ipsas
970 4205 1117 4286 potiores
1145 4213 1179 4266 et
1202 4203 1249 4265 illi
1275 4193 1445 4271 unumne?

168 4343 191 4378 1.
204 4329 250 4376 Ex
258 4343 320 4377 sacr.
333 4329 418 4390 liturg.
518 4353 521 4362 .
