3250 4888
328 296 650 348 CONSOCIATIONIS
678 297 708 348 S.
737 297 930 350 FAMILIAE.
1135 303 1181 376 95

508 485 753 552 FORMULA

283 639 506 691 RECITANDA
529 639 769 705 QUOCUMQUE
792 639 981 691 IDIOMA'I'E

387 745 412 796 A
435 743 678 796 CHRISTIANIS
703 742 871 794 FAMILIIS

227 847 328 911 QUAE
351 847 394 900 SE
417 848 560 900 SACRAE
584 849 768 900 FAMILIAE
790 847 1048 898 CONSECRANT.

121 1006 188 1075 (Ο
206 1005 282 1073 lesu
309 1009 522 1091 Redemptor
548 1021 662 1076 noster
693 1010 944 1087 amabilissime,
960 1009 1017 1092 qui
1045 1029 1065 1073 e
1090 1010 1185 1074 caelo

82 1125 97 1177 t
112 1113 233 1176 missus
251 1122 287 1176 ut
304 1115 469 1178 mundum
485 1115 639 1179 doctrina
655 1125 690 1178 et
705 1112 865 1194 exemplo
878 1111 1068 1188 illustrares,
1080 1113 1184 1176 maio-

81 1229 179 1281 (rem
199 1217 349 1281 mortalis
365 1227 444 1282 tuae
456 1220 546 1282 vitae
557 1229 686 1301 partem
704 1220 737 1282 in
754 1217 872 1282 humili
889 1217 994 1280 domo
1005 1217 1183 1281 Nazarena

79 1319 284 1383 (traducere
301 1320 447 1398 voluisti,
464 1321 594 1385 Mariae
610 1331 646 1386 et
663 1321 811 1404 losepho
841 1321 1005 1398 subditus,
1021 1321 1182 1404 illamque

80 1441 94 1490 t
109 1423 285 1488 Familiam
302 1425 516 1504 consecrasti,
528 1445 613 1508 quae
629 1425 759 1489 cunctis
775 1424 964 1488 christianis
980 1423 1116 1487 familiis
1133 1425 1183 1487 lu·

80 1537 184 1594 (tura
199 1537 271 1593 erat
287 1529 447 1612 exemplo
465 1541 635 1610 ;nostram
664 1530 750 1592 hanc
767 1531 916 1606 domurn,
932 1547 1018 1612 quae
1043 1528 1121 1592 Tibi
1147 1550 1184 1592 se

79 1647 94 1696 t
108 1639 215 1696 totam
232 1653 320 1697 nunc
333 1634 487 1711 devovet,
503 1634 669 1716 benignus
696 1633 835 1715 suscipe
851 1631 905 1696 Tu
933 1631 1024 1696 illam
1042 1644 1182 1715 protege

77 1744 140 1800 tet
166 1736 309 1814 custodi,
330 1747 364 1802 et
391 1747 547 1802 sanctum
573 1738 621 1802 tui
638 1739 792 1801 timorem
811 1737 845 1799 in
869 1757 908 1799 ea
924 1734 1095 1812 confirma,
1111 1757 1177 1800 una

78 1853 181 1904 (cum
213 1861 297 1922 pace
322 1851 356 1906 et
386 1841 569 1906 concordia
594 1840 796 1904 christianae
812 1841 961 1905 caritatis
980 1864 987 1905 :
1004 1849 1040 1904 ut
1063 1841 1179 1904 divino

75 1957 90 2009 t
106 1945 293 2027 exemplari
310 1947 473 2012 Familiae
495 1955 574 2010 tuae
590 1945 707 2009 similis
724 1943 791 2022 fiat,
807 1963 990 2026 omnesque
1014 1947 1057 2008 ad
1074 1964 1179 2008 unum

79 2045 232 2128 (quibus
247 2067 288 2111 ea
304 2059 445 2125 constat,
462 2049 633 2130 beatitatis
650 2049 874 2130 sempiternae
899 2049 967 2110 sint
994 2059 1179 2131 compotes.

111 2149 180 2217 (O
198 2152 432 2216 amantissima
468 2153 545 2218 lesu
577 2151 702 2218 Christi
734 2151 846 2215 Mater
870 2159 905 2216 et
930 2162 1037 2216 mater
1065 2163 1179 2217 nostra

73 2255 224 2334 (Maria,
239 2266 298 2320 tua
320 2258 446 2340 pietate
471 2267 505 2322 et
536 2255 714 2321 clementia
745 2255 798 2319 fac
829 2264 867 2320 ut
890 2257 1175 2321 consecrationem

74 2359 190 2425 (hanc
208 2371 356 2426 nostram
377 2362 471 2426 lesus
487 2371 661 2444 acceptam
678 2359 811 2436 habeat,
827 2369 861 2424 et
877 2378 938 2424 sua
963 2359 1060 2424 nobis
1076 2359 1178 2424 bene·

74 2461 177 2529 (ficia
196 2475 229 2528 et
246 2465 498 2531 benedictiones
511 2466 681 2548 largiatur.

108 2579 126 2632 t
144 2569 176 2635 O
206 2569 339 2652 loseph,
351 2570 560 2634 sanctissime
576 2570 651 2634 Iesu
669 2580 702 2632 et
719 2569 847 2633 Mariae
863 2576 984 2646 custos,
1000 2567 1033 2631 in
1046 2569 1176 2634 univer·

10 2659 13 2670 ’
72 2673 142 2736 (sis
158 2674 296 2736 animae
318 2685 352 2738 et
369 2675 519 2757 corporis
543 2673 802 2738 necessitatibus
818 2673 916 2736 nobis
932 2673 998 2736 tuis
1020 2673 1175 2755 precibus

71 2791 277 2857 ‹succurre;
293 2788 330 2844 ut
346 2788 457 2843 tecum
475 2799 543 2844 una
560 2789 593 2842 et
612 2779 712 2842 beata
728 2777 869 2862 Virgine
896 2779 1005 2843 Maria
1021 2790 1174 2844 aeternas

68 2881 215 2946 (divino
234 2881 456 2964 Redemptori
475 2883 552 2947 Iesu
569 2883 706 2950 Christo
722 2881 840 2946 laudes
865 2893 898 2947 et
914 2885 1040 2966 gratias
1056 2903 1173 2967 repen·

68 2997 83 3048 t
98 2986 177 3050 dere
191 2987 398 3068 possimus.»

104 3095 217 3174 Atque
233 3090 317 3156 haec
337 3093 452 3156 omnia
477 3100 512 3156 et
528 3091 671 3174 singula,
687 3093 736 3156 uti
752 3111 853 3173 supra
868 3092 1005 3156 decreta
1020 3103 1109 3171 sunt,
1126 3093 1172 3158 ita

65 3191 166 3275 firma,
177 3195 323 3272 stabilia,
333 3205 405 3259 rata
418 3196 451 3258 in
468 3205 667 3280 perpetuum
679 3195 934 3260 essevolumus:
954 3216 1020 3259 non
1037 3198 1173 3262 obstan·

64 3300 147 3364 tibus
165 3299 476 3365 Constitutionibus
504 3311 537 3364 et
554 3299 834 3365 ordinationibus
850 3297 1069 3380 Apostolicis,
1084 3308 1172 3364 cete-

63 3403 170 3486 risque
183 3403 362 3467 contrariis
377 3405 655 3487 quibuscumque.

100 3508 238 3572 Datum
255 3507 389 3570 Romae
420 3507 510 3589 apud
539 3505 573 3572 S.
600 3507 746 3584 Petrum,
766 3506 828 3570 sud
858 3505 959 3571 anulo
982 3507 1172 3586 Piscatoris‚

61 3611 111 3677 die
125 3625 181 3676 xx
207 3611 297 3674 Iunii
321 3622 535 3687 MDcchcH,
553 3611 773 3675 Pontificatus
790 3611 906 3676 Nostri
932 3631 1023 3676 anno
1038 3612 1171 3676 decimo

60 3717 184 3798 quinto.

562 3801 596 3868 S.
612 3801 728 3868 CARD.
745 3802 1081 3869 VANNUTELLI.
