3216 4880
523 445 843 528 EPISTOLA

187 629 245 688 Ad
258 629 569 689 commissarium
582 631 698 690 Tertii
709 631 797 692 ord.
805 633 838 691 S.
847 633 1003 705 Frepar
1014 630 1185 692 Galliam.

140 766 167 904 ᾗῇ
197 763 199 767 ’
307 799 372 860 m:
401 799 608 860 onorius
636 800 1069 862 oppoarumrnrs.
1202 716 1228 963 Ι

317 1127 394 1179 UAil
405 1134 512 1197 nuper
520 1114 660 1179 consilia
669 1124 706 1180 tu
717 1115 972 1197 compluresque
982 1113 1088 1177 Tertii
1102 1111 1240 1178 Ordinis

340 1217 577 1296 Franciscales‚
592 1218 751 1301 auspiciis
767 1218 985 1283 sacratissimi
1002 1216 1123 1284 Cordis
1141 1216 1240 1294 IESU,
1328 1249 1358 1283 η

129 1125 317 1506 Εἰ
340 1323 372 1389 in
384 1322 513 1404 oppido
527 1320 839 1402 Paray·le·M0m'al
851 1321 1021 1404 congressi
1033 1319 1237 1402 suscepistis,
1296 1295 1385 1414 {ff

163 1435 288 1448 ““““““
339 1427 442 1492 allata
458 1437 536 1491 sunt
553 1427 662 1492 Nobis
687 1447 763 1491 cum
780 1423 1093 1509 obsequentissimis
1110 1423 1238 1500 litteris,
1297 1463 1418 1515 Mum

130 1533 191 1598 vix
202 1535 283 1598 dum
300 1535 478 1618 epistolam
495 1534 697 1600 dederamus
713 1535 755 1598 ad
784 1535 928 1599 similem
953 1531 1108 1609 Coetum,
1123 1530 1237 1594 Nova·
1263 1532 1387 1608 landatur

131 1637 200 1702 riae
216 1641 373 1721 proxime
400 1639 603 1704 habendum.
620 1639 684 1703 Est
712 1640 895 1704 iucundum
923 1657 1005 1703 sane
1029 1647 1064 1702 et
1088 1637 1238 1719 optimae
1264 1597 1417 1713 ’ἓξὲξ-Ἕν.

131 1741 204 1825 spei
220 1741 333 1806 videre
350 1743 486 1826 passim,
501 1761 569 1824 quo
586 1743 708 1816 studio,
723 1763 790 1827 qua
813 1743 993 1809 concordia
1020 1741 1153 1806 sodales
1169 1740 1240 1803 eius
1264 1729 1407 1844 {²3:2th

134 1845 274 1912 Ordinis
292 1847 500 1911 contendant
516 1854 553 1910 ut
576 1847 640 1911 hoc
657 1848 759 1912 etiam
777 1847 911 1912 divinae
937 1846 1100 1912 bonitatis
1115 1844 1239 1929 praesi-
1265 1812 1296 1910 uf
1314 1860 1398 1909 ulem

132 1949 229 2014 dium
272 1969 333 2031 pro
377 1949 497 2013 merito
527 1949 733 2027 aestimetur,
763 1949 959 2034 fructusque
996 1949 1125 2024 afferat,
1155 1967 1239 2031 quos
1266 1923 1411 2055 2252ssss

132 2051 303 2116 enimvero
319 2061 441 2135 potest,
455 2053 558 2117 aetati
571 2061 706 2118 nostrae
718 2055 872 2136 proprios
888 2064 921 2118 et
938 2053 1109 2118 salutares.
1127 2049 1238 2134 Quam
1267 2063 1317 2107 rar.

132 2154 302 2220 fructuum
329 2157 621 2239 opportunitatem
650 2157 733 2220 alias
768 2157 840 2221 Nos
874 2157 1049 2241 fusiusque
1073 2155 1239 2238 persecuti

134 2277 250 2322 sumus
266 2283 273 2323 :
289 2259 430 2342 ipsaque
446 2259 632 2325 similitudo
653 2269 855 2342 temporum,
870 2261 993 2345 quibus
1009 2257 1078 2323 tale
1103 2257 1241 2321 Institu-

136 2373 210 2428 tum
228 2371 387 2428 exortum
409 2363 626 2447 providenter
641 2373 701 2441 est,
723 2385 763 2428 eo
776 2365 960 2448 impensius
977 2363 1082 2428 movit
1098 2371 1135 2426 ut
1151 2381 1241 2429 eam·

133 2467 212 2531 dem
247 2467 461 2550 disciplinam
500 2467 617 2550 pietati
645 2467 887 2534 catholicorum
919 2466 1242 2532 commendaremus.

135 2570 351 2635 Documenta
377 2591 457 2636 vero
484 2583 517 2636 et
547 2573 878 2638 commendationem
903 2571 1066 2636 Nostram
1098 2569 1241 2634 multum

134 2677 227 2757 apud
258 2695 319 2739 vos
350 2675 493 2739 valuisse
525 2697 559 2739 re
597 2677 671 2759 ipsa
709 2675 879 2759 praesenti
916 2677 1130 2758 perspicuum
1155 2683 1206 2738 est
1235 2695 1243 2751 ;

135 2779 286 2842 maxime
313 2799 416 2861 quum
444 2788 619 2862 tantopere
640 2781 750 2863 agatis
775 2781 818 2844 de
845 2781 960 2845 nativa
975 2779 1081 2843 Tertii
1105 2777 1242 2843 Ordinis
1292 2848 1297 2862 ¹
1323 2779 1421 2856 Nativa

136 2881 169 2944 vi
201 2881 234 2943 iu
266 2882 499 2945 adiumentum
530 2902 651 2946 causae
682 2883 814 2950 socialis
847 2883 1047 2948 revocanda.
1072 2881 1243 2946 Videlicet
1268 2845 1424 2962 ffgssfff'

136 2985 384 3066 praeiudicatas
415 2987 449 3048 in
485 3007 525 3049 ea
551 3007 670 3050 caussa
698 2988 875 3070 opiniones
905 2985 1106 3070 fraudesque
1137 2985 1242 3050 malas
1269 2979 1367 3091 {aratz
1378 2976 1419 3024 Μ·

136 3089 328 3155 revincere:
345 3090 491 3154 iustitiae
506 3092 753 3176 aequitatisque
770 3093 985 3176 evangelicae
1006 3091 1091 3156 tueri
1112 3101 1147 3155 et
1171 3111 1242 3174 per·
1262 3058 1411 3184 ssfffwa

135 3192 273 3275 vulgare
300 3194 463 3276 principia
481 3215 489 3273 ;
516 3196 702 3278 operariam
721 3196 854 3279 plebem
871 3197 971 3262 simul
994 3196 1037 3260 ad
1054 3195 1163 3260 officia
1179 3195 1242 3258 vir·
1268 3176 1421 3290 affl*
1455 3159 1466 3218 ἱ

136 3297 220 3362 tutis
235 3307 268 3361 et
288 3297 457 3378 religionis
467 3300 626 3377 excitare,
636 3299 735 3364 simul
756 3299 915 3366 afflictam
940 3301 1066 3383 erigere
1089 3300 1243 3380 aptisque
1379 3273 1386 3287 ⁵

135 3401 179 3465 ad
203 3420 339 3464 omnem
356 3403 585 3467 calamitatem
602 3404 760 3468 subsidiis
785 3405 985 3488 providere,
1011 3402 1145 3468 vincula
1169 3421 1245 3466 vere

137 3503 367 3588 fraternitatis,
383 3523 489 3588 aeque
502 3506 535 3568 in
552 3508 687 3572 actione
699 3510 790 3573 vitae
806 3518 958 3587 externa,
974 3509 1061 3572 inter
1076 3527 1136 3571 vos
1151 3505 1244 3571 colii·

134 3633 236 3696 gare:
252 3613 318 3678 ista
334 3615 366 3677 in
394 3614 510 3697 primis
531 3615 664 3680 habetis
680 3615 776 3680 vobis
793 3613 976 3699 proposita,
994 3623 1170 3696 tamquam
1187 3630 1245 3693 pa·

133 3729 265 3782 tentem
283 3737 453 3802 campum,
470 3721 503 3782 in
531 3737 599 3802 quo
623 3717 866 3801 professionem
901 3715 1053 3781 instituti
1080 3713 1181 3779 vestri
1209 3725 1243 3776 et

134 3821 282 3905 patriam
300 3823 476 3886 caritatem
503 3823 662 3904 probetis.
682 3823 788 3887 Recte
812 3821 950 3906 quidem
974 3828 1008 3886 et
1028 3825 1153 3884 sancte.
1172 3815 1244 3880 Nec

132 3923 365 3989 laborantibus
390 3926 485 3990 vobis
512 3928 654 3993 deerunt
684 3937 774 3992 certe
800 3926 944 4010 quaesiti
978 3921 1116 4001 fructus,
1143 3923 1246 3985 modo

133 4029 295 4113 exempla
311 4031 529 4113 inspicientes
550 4033 736 4098 beatissimi
753 4029 925 4095 Francisci
942 4027 1081 4110 eiusque
1104 4025 1246 4090 fidentes

134 4155 211 4217 ope,
222 4135 359 4212 alacres,
375 4145 411 4201 ut
432 4133 633 4212 instituistis,
645 4133 801 4224 pergatis.
816 4133 888 4198 Nos
903 4141 1018 4196 autem
1047 4138 1246 4214 coeptorum

137 4238 285 4304 fautores
316 4259 447 4321 semper
477 4237 573 4303 vobis
600 4238 864 4321 praebebimus:
892 4236 934 4300 sit
965 4235 1094 4299 interea
1119 4232 1241 4316 pignus
