3296 4886
479 311 530 362 DE
558 309 721 363 ROSARIO
747 307 919 362 MARIALI.
1210 308 1251 378 13

140 464 235 530 rimis
262 471 297 529 et
313 463 491 528 incolumis
507 459 600 526 fides.
613 459 745 526 Similia
758 459 865 526 multa
874 460 964 544 apud
974 479 1126 544 quasque
1135 468 1254 544 gentes
1319 482 1390 566 mppr

143 565 198 634 vel
208 566 352 652 depulsa
362 565 509 650 pericula
524 566 576 629 vel
593 561 757 630 beneficia
771 564 962 647 impetrata,
978 564 1061 627 satis
1072 572 1254 647 pervagata
1319 555 1393 639 1891}

142 682 233 750 sunt,
248 690 338 755 quae
357 679 454 735 vetus
476 688 582 753 aeque
609 687 791 751 recensque
818 667 957 732 historia
982 666 1254 732 luculentissimis

143 776 349 845 testimoniis
358 783 610 840 commemorat.
622 809 665 822 -
678 771 717 835 Id
730 791 865 855 quoque
877 770 1005 835 illustre
1017 781 1252 854 argumentum
1328 786 1433 837 Roseus

145 881 289 958 accedit,
303 879 601 964 quemadmodum,
616 879 731 942 statim
748 878 792 942 ab
808 877 964 941 instituta
986 876 1118 940 Rosarii
1146 895 1254 961 prece,
1280 853 1434 980 3232,

143 987 217 1051 eius
243 983 370 1068 passim
398 983 489 1065 apud
513 1001 631 1046 omnes
656 980 780 1045 civium
807 981 942 1044 ordines
966 991 1126 1062 usurpata
1155 980 1199 1044 sit
1220 991 1253 1044 et
1281 983 1395 1062 invalqit

144 1091 360 1174 frequentata
375 1086 592 1151 consuetudo.
609 1084 792 1148 Enimvero
815 1085 949 1148 divinae
966 1084 1079 1162 Matri,
1095 1103 1182 1169 quae
1203 1094 1255 1150 tot
1297 1050 1434 1165 '3222‘ssss

143 1193 317 1275 tantisque
347 1189 504 1254 laudibus
534 1207 601 1252 una
631 1187 783 1252 omnium
812 1185 1131 1270 praecellentissima
1159 1189 1254 1265 nitet,
1281 1187 1434 1295 5:³31sz

143 1297 264 1381 religio
277 1295 450 1360 christiani
462 1293 578 1378 populi
593 1293 699 1358 titulis
715 1293 852 1376 quidem
868 1292 1056 1375 insignibus
1078 1293 1254 1375 modisque
1280 1310 1313 1360 B.
1327 1312 1367 1360 M.
1378 1311 1433 1359 Vir·

146 1399 264 1466 multis
278 1398 381 1464 habet
397 1398 559 1461 honorem
575 1396 686 1465 :hune
703 1404 818 1459 tamen
835 1395 968 1458 Rosarii
993 1393 1138 1472 titulum,
1165 1395 1253 1460 hune
1276 1376 1435 1492 addedd&

147 1504 289 1571 modurn
315 1501 442 1580 orandi,
469 1500 502 1564 in
529 1519 597 1583 quo
623 1508 798 1584 tamquam
825 1499 902 1564 fidei
920 1510 1045 1564 tessera
1072 1508 1106 1564 et
1121 1519 1254 1564 summa
1280 1513 1333 1558 tur.

143 1611 251 1676 debiti
263 1607 293 1672 ei
309 1605 418 1670 cultus
434 1605 543 1669 inesse
558 1603 699 1682 videtur,
708 1623 840 1686 semper
855 1604 1027 1668 adamavit
1043 1604 1256 1688 singulariter

148 1731 257 1797 eoque
273 1709 429 1793 privatim
446 1717 480 1772 et
496 1705 636 1790 publice,
649 1708 682 1769 in
699 1707 804 1770 domo
819 1715 853 1770 et
870 1707 1005 1784 familia,
1020 1709 1256 1774 sodalitatibus

144 1813 348 1889 constitutis,
374 1811 536 1876 altaribus
562 1811 735 1888 dedicatis,
769 1810 1006 1874 circumductis
1037 1813 1180 1894 pompis,
1196 1835 1257 1878 usa

143 1922 326 2010 praecipue
342 1927 402 1997 est,
411 1927 493 1996 rata,
508 1918 601 1982 nullo
615 1937 650 1981 se
666 1937 765 2000 posse
793 1917 930 1982 meliore
956 1928 1058 2000 pacto
1081 1919 1184 2002 ipsius
1203 1921 1256 1985 vel

145 2047 242 2094 sacra
259 2021 435 2089 sollemnia
449 2041 568 2086 ornare
583 2021 635 2086 vel
652 2021 876 2104 patrocinium
893 2030 927 2086 et
943 2024 1068 2104 gratias
1084 2025 1256 2090 demereri.

192 2131 315 2214 Neque
330 2127 412 2191 illud
426 2125 920 2209 silentiopraetermittendum,
942 2129 1033 2210 quod
1052 2129 1255 2212 singularem
1294 2147 1437 2212 Siquando

148 2235 333 2322 quamdam
349 2233 517 2297 Dominae
530 2239 664 2295 nostrae
673 2231 921 2314 providentiam
934 2232 967 2292 in
983 2231 1045 2295 hac
1056 2251 1091 2296 re
1104 2232 1258 2300 illustrat.
1282 2211 1380 2328 35⁸}ss
1398 2213 1438 2328 ’ἐξ

145 2342 293 2422 Nempe,
317 2355 431 2419 quum,
455 2336 675 2400 diuturnitate
695 2333 867 2418 temporis,
894 2335 1042 2400 studium
1071 2337 1206 2418 pietatis
1223 2315 1256 2402 in
1283 2343 1401 2393 marum

145 2443 308 2530 quapiam
336 2450 438 2524 gente
463 2437 669 2502 deferbuisse
695 2439 803 2502 visum
832 2446 883 2501 est
910 2447 944 2500 et
961 2439 1112 2504 nonnihil
1136 2441 1257 2506 dehac
1275 2408 1414 2534 s¹„,‘,‘,{‚“‘’,·„‚

145 2550 222 2632 ipsa
252 2543 410 2627 precandi
442 2541 684 2606 consuetudine
716 2561 789 2604 esse
823 2543 1009 2620 remissum,
1040 2563 1142 2625 quam
1176 2545 1258 2609 mire
1278 2545 1387 2618 Qut·

145 2659 276 2738 postea,
291 2646 362 2712 sive
377 2667 412 2709 re
428 2645 562 2728 publica
578 2645 610 2709 in
628 2644 883 2710 formidolosum
900 2647 1079 2710 discrimen
1102 2647 1259 2728 adducta,
1282 2605 1420 2732 iamed

146 2755 219 2820 sive
249 2769 317 2833 qua
347 2747 546 2812 necessitate
572 2756 754 2829 premente,
786 2747 919 2811 Rosarii
947 2749 1149 2829 institutum,
1179 2771 1259 2833 prae
1276 2736 1412 2850 {siremps

147 2855 269 2925 ceteris
295 2853 466 2936 religionis
493 2852 637 2930 auxiliis,
673 2853 910 2916 communibus
941 2853 1028 2915 votis
1065 2863 1257 2918 revocatum
1284 2817 1431 2926 ιιιῗωῖι,

149 2972 255 3044 atque
267 2959 300 3023 in
318 2977 415 3022 suum
431 2957 568 3022 honoris
583 2956 694 3021 locum
712 2955 906 3020 restitutum
930 2965 980 3020 est
996 2956 1131 3039 lateque
1148 2977 1259 3022 rursus
1284 2933 1434 3060 mm,

148 3065 258 3149 viguit
285 3062 440 3126 salutare.
467 3061 549 3126 Eius
575 3061 621 3124 rei
649 3060 808 3143 exempla
836 3060 918 3124 nihil
943 3079 1028 3142 opus
1045 3083 1064 3124 a
1080 3064 1259 3144 praeterita
1284 3063 1421 3122 vucrani,

147 3177 262 3236 aetate
272 3168 405 3250 petisse,
415 3165 622 3248 praeclarum
632 3165 696 3229 hac
709 3175 823 3229 nostra
834 3165 867 3228 in
878 3173 1037 3247 promptu
1048 3165 1259 3232 habentibus.
1276 3143 1437 3258 limeum

151 3273 230 3339 Hac
247 3288 394 3352 namque
408 3278 528 3346 aetate,
544 3288 640 3352 quae,
657 3268 705 3332 uti
722 3269 886 3351 principio
912 3268 1114 3344 monuimus,
1139 3271 1258 3334 acerba
1282 3258 1399 3373 apsque·

147 3375 238 3442 adeo
249 3371 422 3437 Ecclesiae
434 3379 494 3446 est,
504 3371 611 3436 Nobis
628 3381 751 3450 autem,
761 3371 804 3435 ad
814 3370 1042 3454 gubernacula
1052 3371 1123 3436 eius
1144 3372 1260 3436 divino
1284 3339 1419 3454 iiiiii.

148 3477 294 3545 consilio
309 3475 514 3552 sedentibus,
530 3475 753 3551 acerbissima,
770 3483 921 3557 spectare
944 3483 977 3538 et
1001 3477 1159 3539 admirari
1183 3477 1260 3542 licet
1363 3517 1365 3522 -

149 3603 255 3668 quam
278 3580 397 3646 erectis
425 3580 634 3662 incensisque
661 3581 791 3658 studiis,
816 3581 849 3643 in
877 3579 970 3642 omni
999 3579 1073 3642 loco
1098 3587 1132 3646 et
1159 3590 1260 3664 gente

149 3685 310 3753 catholici
327 3685 482 3760 nominis,
498 3684 636 3748 mariale
652 3684 832 3750 Rosarium
849 3683 979 3748 colatur
1003 3693 1037 3748 et
1053 3683 1259 3750 celebretur:

151 3789 246 3876 quod
262 3787 341 3852 lacti
357 3807 461 3870 quum
476 3787 550 3850 Deo
561 3787 679 3866 verius,
692 3787 880 3852 moderanti
894 3786 1076 3870 agentique
1097 3788 1261 3866 homines,

149 3913 256 3980 quarn
273 3892 332 3956 ulli
347 3893 522 3956 hominurn
540 3892 736 3974 prudentiae
752 3900 785 3956 et
803 3891 944 3956 navitati
956 3901 1045 3955 recte
1059 3894 1102 3958 sit
1112 3894 1260 3958 tribuen-

148 3999 247 4074 dum,
262 3996 412 4061 animum
429 3995 591 4060 Nostrum
602 3997 787 4061 admodum
804 3996 932 4060 solatur
948 4005 982 4060 et
998 3995 1111 4073 reficit,
1122 4017 1260 4081 magna-

148 4121 219 4188 que
236 4099 384 4182 complet
400 4098 521 4166 fiducia
536 4100 579 4165 de
595 4101 795 4166 renovandis
813 4099 985 4164 Ecclesiae
1001 4098 1261 4182 amplificandis·

152 4225 232 4292 que,
248 4202 384 4286 auspice
400 4203 518 4282 Maria,
534 4204 721 4288 triumphis.

199 4309 291 4376 Sunt
306 4316 419 4372 autern
444 4310 501 4390 qui
526 4308 608 4373 haec
623 4310 697 4393 ipsa
712 4329 732 4374 a
748 4309 858 4374 Nobis
874 4316 1138 4373 commemorata
1154 4310 1259 4390 probe
