3222 4888
266 325 316 374 DE
343 321 532 374 COLLEGlO
560 325 767 376 HISPANICO
794 325 835 374 IN
864 325 975 377 URBE.
1113 323 1181 398 197

959 432 1180 444 ..——....—,‚

71 485 223 558 ternpore
247 476 447 556 Apostolica
480 475 596 551 Sedes,
621 477 839 559 animumque
867 479 1017 540 studiose
1048 477 1182 556 adiecit,
1270 501 1300 546 25

71 580 159 642 civili
176 587 344 660 potestate
369 579 610 657 consentiente,
627 581 670 644 ad
696 599 747 642 res
773 581 1016 644 ecclesiasticas
1044 602 1180 664 compo·
1246 547 1318 663 5823.

73 683 210 760 nendas,
240 703 324 766 quas
349 702 545 766 praegressa
572 692 758 766 tempestas
785 684 977 764 afflixerat,
1005 687 1181 767 potissima
1207 722 1333 765 mntem-

45 808 46 812 *
71 808 150 850 vero
163 789 233 850 eius
250 807 328 851 cura
345 787 407 852 luit
418 789 460 850 de
477 786 673 852 Seminariis
696 789 914 867 dioecesanis,
930 809 1016 870 quae
1044 790 1180 871 quidem
1207 797 1270 894 222³?
1287 781 1359 831 ’Μ’

71 891 167 971 quasi
185 889 355 953 domicilia
373 889 510 970 pietatis
534 902 638 974 atque
663 892 859 956 eruditionis
876 893 909 955 in
927 902 1053 956 statum
1071 893 1181 973 pristi-
1256 884 1261 894 ’

71 1014 152 1056 num
177 993 317 1070 restitui,
333 995 489 1076 privatim
519 1015 557 1056 ac
574 995 708 1076 publice
733 995 901 1061 intererat.
929 995 1038 1059 Vobis
1065 1007 1179 1060 tamen

70 1098 286 1177 exploratum
312 1106 372 1174 est,
399 1115 468 1160 rem
501 1119 568 1160 non
594 1099 732 1163 omnino
759 1100 898 1162 cessisse
929 1121 973 1162 ex
1004 1101 1181 1166 sententia.

70 1201 191 1283 Neque
207 1201 296 1264 enim
313 1211 365 1265 sat
382 1201 515 1282 amplae
530 1201 756 1284 suppetebant
772 1223 874 1283 opes:
891 1223 1000 1285 neque
1016 1204 1102 1266 ratio
1113 1215 1180 1266 stu·

68 1305 200 1368 diorum
217 1313 350 1387 poterat
367 1305 399 1366 in
417 1325 510 1386 spem
527 1304 653 1387 gloriae
666 1305 884 1381 reflorescere,
894 1307 973 1388 quia
990 1306 1179 1388 Lyceorum

68 1416 219 1470 veterum
233 1407 386 1470 interitus
403 1409 575 1488 penuriam
593 1409 790 1473 idoneorum
805 1412 1040 1488 magistrorum
1054 1429 1179 1492 genue-

69 1521 130 1576 rat.
146 1549 189 1560 -
205 1511 371 1575 Convenit
386 1513 522 1593 quidem
540 1513 625 1576 inter
644 1514 728 1576 duas
743 1533 917 1594 supremas
939 1521 1134 1594 potestates,
1144 1525 1181 1578 ut

67 1615 272 1696 quibusdam
290 1615 322 1676 in
341 1615 520 1697 provinciis
539 1613 726 1677 Seminaria
753 1613 978 1675 conderentur
997 1615 1179 1695 generalia,

68 1727 240 1802 potestate
255 1718 345 1781 sacta
361 1728 398 1782 ut
414 1740 458 1780 ex
475 1738 589 1781 eorum
607 1717 762 1792 alumnis,
771 1718 828 1799 qui
842 1717 973 1797 plenius
986 1717 1179 1800 theologica

66 1821 295 1903 arripuissent,
312 1824 332 1884 ii
350 1822 392 1885 ad
410 1823 534 1904 gradus
550 1821 760 1883 academicos
775 1839 866 1882 more
880 1821 1042 1882 maiorum
1056 1821 1178 1900 admit·

66 1936 224 1991 terentur.
251 1926 289 1990 ld
317 1935 431 1989 tamen
460 1927 638 2008 quominus
670 1943 787 2003 reapse
817 1919 1040 2003 perficeretur,
1072 1923 1178 1987 multa

66 2029 312 2108 impedimento
328 2028 427 2104 suere,
442 2028 609 2108 hodieque
625 2033 711 2087 sunt.
727 2060 770 2070 -
787 2022 914 2103 Erepto
931 2023 1032 2104 igitur
1049 2022 1177 2104 Lyceo·
1210 2085 1216 2098 ,
1234 2086 1253 2134 d

64 2151 140 2194 rum
157 2140 307 2195 veterum
324 2133 500 2215 praesidio,
516 2130 622 2194 muita
648 2129 879 2192 desiderantur
902 2149 946 2192 ex
974 2130 1176 2193 adiumentis
1204 2101 1355 2202 :puppem-

66 2236 117 2311 iis,
143 2235 220 2299 sine
246 2235 367 2318 quibus
398 2236 440 2297 ad
473 2235 645 2314 expletam
677 2231 951 2314 cumulatamque
978 2233 1176 2296 eruditionis
1202 2218 1353 2332 &¹⁴22ss-

65 2339 365 2420 laudemaspirare
382 2337 498 2403 Clerus
511 2335 645 2400 difficile
662 2345 783 2417 potest,
810 2336 858 2398 ita
881 2345 918 2400 ut
945 2355 1012 2398 una
1039 2335 1082 2398 sit
1099 2355 1175 2418 pru·
1201 2349 1244 2398 sit.

63 2442 219 2506 dentium
236 2462 304 2506 vox
320 2451 353 2504 et
370 2441 545 2516 sententia,
561 2439 718 2502 accedere
733 2440 776 2502 ad
805 2441 969 2502 rationem
986 2441 1173 2502 studiorum

64 2547 96 2608 in
119 2545 314 2636 Seminariis
330 2544 508 2628 perfectius
535 2543 697 2626 quiddam
723 2553 757 2606 et
784 2543 987 2608 cumulatius
1010 2553 1175 2624 oportere.

64 2687 109 2700 -
125 2651 233 2732 Atqui
251 2650 285 2712 id
308 2651 456 2712 maxime
471 2649 579 2722 Nobis
602 2667 699 2710 curae
716 2658 777 2724 est,
792 2649 987 2729 praesertim
1016 2647 1176 2730 exempla
1238 2665 1354 2742 complu·

64 2756 280 2817 decessorum
306 2754 504 2817 Nostrorum
537 2753 755 2832 intuentibus,
786 2753 842 2833 qui
874 2753 1002 2814 nullum
1029 2761 1175 2832 praeter·
1202 2732 1305 2860 {5112}an

66 2861 188 2921 misere
218 2858 327 2921 locum
355 2857 488 2920 favendi
516 2857 636 2920 studiis
661 2857 809 2936 optimis.
840 2856 879 2917 In
912 2876 953 2918 eo
978 2866 1091 2918 autem
1122 2855 1175 2918 vel
1203 2863 1349 2911 clericorum

65 2963 218 3024 maxime
234 2961 342 3024 eluxit
360 2959 560 3024 Pontificum
586 2960 756 3022 excellens
782 2959 1003 3038 providentia,
1026 2960 1116 3040 quod
1141 2959 1174 3020 in
1202 2937 1345 3043 {mam

65 3069 155 3128 hanc
184 3067 291 3147 ipsam
321 3065 459 3141 Urbem,
487 3065 671 3146 principem
699 3061 854 3124 catholici
882 3061 1038 3138 nominis
1063 3059 1312 3126 ad012.fiuxdata

64 3179 198 3232 scentes
214 3169 350 3232 clericos
366 3187 503 3250 peregre
520 3187 684 3230 arcessere
700 3175 802 3246 atque
818 3167 851 3226 in
869 3165 1020 3247 Collegia
1036 3186 1176 3249 congre·
1195 3123 1295 3238 lm
1304 3123 1354 3171 Ro-

62 3292 146 3354 gare
163 3273 360 3349 studuerint,
375 3273 476 3354 idque
502 3273 627 3336 maiore
651 3289 730 3332 cura
742 3269 872 3350 quoties
898 3279 957 3332 aut
980 3271 1174 3334 adiumenta
1204 3253 1334 3368 gfff&

63 3376 255 3438 studiorum
271 3377 352 3458 ipsis
369 3377 400 3438 in
420 3375 528 3454 patria
544 3376 709 3448 deessent,
725 3383 784 3436 aut
801 3375 929 3436 sanitas
945 3374 1177 3454 institutionis,

63 3480 199 3560 publice
215 3479 390 3561 repudiata
410 3479 582 3542 Ecclesiae
606 3477 790 3558 vigilantia,
820 3476 1070 3558 periclitaretur.
1099 3479 1175 3540 Hac'

63 3585 108 3644 de
124 3602 244 3645 caussa
259 3583 432 3664 complura
449 3583 579 3645 Romae
596 3581 732 3643 condita
745 3576 916 3662 Ephebea,
929 3601 996 3664 quo
1009 3581 1176 3646 confluere

63 3687 179 3749 solent
194 3685 236 3747 ad
253 3706 347 3747 sacra
360 3685 558 3749 instituendi
575 3683 806 3746 adolescentes
822 3685 941 3761 exteri,
956 3705 998 3748 eo
1020 3687 1177 3750 videlicet

66 3790 243 3870 proposito
256 3799 292 3852 ut
304 3809 388 3870 quas
401 3789 433 3850 in
450 3788 544 3854 Urbe
556 3787 752 3868 collegerint
765 3789 889 3870 ingenii
902 3789 1071 3872 animique
1088 3813 1179 3874 opes,

61 3914 124 3956 eas
141 3891 332 3974 aliquande,
355 3895 543 3957 sacerdotio
559 3894 690 3969 initiati,
705 3897 738 3957 in
763 3917 975 3959 communem
1002 3897 1177 3962 conferant

64 3997 281 4078 popularium
299 3995 433 4060 suorum
452 3998 642 4062 utilitatem.
661 3999 737 4082 Qua
753 4021 797 4062 ex
814 4020 940 4063 recum
963 4002 1098 4066 abunde
1125 4025 1177 4069 sa·
1238 4038 1356 4088 Nonnul-

65 4103 194 4163 lutares
220 4098 346 4161 fructus
377 4100 562 4175 extiterint,
583 4103 745 4180 existant,
771 4103 911 4166 omnino
939 4103 1178 4188 Nosmetipsos
1205 4107 1291 4182 laipsf

62 4204 349 4287 operaepretium
367 4205 588 4268 iudicavimus
620 4206 817 4282 lacturossi
846 4207 1011 4271 eiusmodi
1038 4211 1177 4274 domici·
1204 4169 1324 4284 5:25·le

64 4310 190 4372 liorum
207 4326 382 4370 numerum
399 4328 620 4390 augeremus:
637 4321 879 4392 proptereaque
890 4331 986 4374 suum
1004 4313 1176 4378 Armeniis
