3222 4888
308 313 360 363 DE
387 313 539 364 STUDIIS
567 311 803 366 SCRIPTURAE
830 313 983 363 sncuAE.
1130 303 1200 376 215

93 465 179 546 quis,
208 466 353 547 egregiis
380 465 549 548 operibus,
574 487 661 549 quae
689 467 794 530 nostri
825 463 959 528 abunde
991 463 1205 546 reliquerunt,
1270 456 1344 556 Nffl,
1429 498 1430 504 ¹

93 568 256 650 ignoratis
272 581 331 633 aut
348 571 526 654 despectis,
541 570 828 635 heterodoxorum
845 570 948 633 libros
964 577 1151 650 praeoptet,
1161 567 1205 632 ab
1274 567 1348 630 1893·

94 673 209 754 eisque
233 692 309 736 cum
330 675 505 756 praesenti
521 695 623 738 sanae
639 675 814 739 doctrinae
830 674 979 757 periculo
994 683 1028 736 et
1045 691 1111 735 non
1131 691 1204 734 raro
1231 683 1384 760 mudilan-

60 803 63 808 .
94 795 171 838 curn
188 776 393 840 detrimento
420 774 506 854 fidei,
530 777 793 860 explicationem
821 778 971 842 locorum
997 785 1146 859 quaerat,
1169 775 1203 838 in
1231 748 1340 876 {⁰22⁸ss

94 877 217 960 quibus
232 879 387 943 catholici
404 881 539 962 ingenia
556 891 590 944 et
601 880 731 944 labores
748 899 826 944 suos
844 882 1043 944 iamdudum
1060 879 1204 960 optime·
1231 878 1334 956 qucuqn
1352 945 1357 955 ,

94 998 161 1064 que
176 981 381 1047 collocarint.
398 984 493 1048 Licet
509 986 598 1048 enim
615 984 899 1049 heterodoxorum
917 983 1045 1058 studiis,
1061 983 1204 1064 pruden-
1231 944 1383 1060 fflfff

95 1097 146 1148 ter
172 1087 339 1163 adhibitis,
365 1088 470 1150 iuvari
497 1089 664 1150 interdum
691 1089 796 1172 possit
823 1088 985 1169 interpres
1013 1085 1205 1161 catholicus,
1231 1075 1384 1192 mm

97 1190 287 1254 meminerit
298 1203 421 1268 tamen,
432 1213 476 1254 ex
489 1193 611 1255 crebris
622 1211 755 1273 quoque
767 1201 917 1256 veterum
928 1189 1140 1254 documentis
1152 1187 1206 1270 (¹),
1231 1211 1340 1268 terpus:
1358 1213 1387 1256 ar

96 1295 325 1376 incorruptum
342 1315 509 1358 sacrarum
528 1296 731 1359 Litterarum
749 1316 883 1358 sensum
901 1304 1000 1358 extra
1017 1292 1203 1356 Ecclesiam
1233 1285 1381 1399 ‘smum

97 1400 292 1480 neutiquam
310 1399 453 1481 reperiri,
470 1420 579 1484 neque
596 1401 639 1463 ab
655 1401 703 1462 eis
716 1401 803 1462 tradi
814 1419 922 1482 posse,
935 1399 1001 1480 qui,
1017 1417 1114 1460 verae
1128 1395 1205 1459 fidei
1231 1417 1368 1450 sensum·

98 1515 263 1585 expertes,
276 1503 476 1587 Scripturas,
493 1524 558 1568 non
577 1503 758 1568 medullam
775 1503 947 1584 attingunt
970 1501 1028 1564 sed
1046 1500 1203 1564 corticem
1232 1467 1368 1582 ξ’,ζηῗζξῖ

97 1609 223 1670 rodunt
240 1607 252 1690 (
270 1607 291 1690 ).
769 1667 770 1670 ,
1232 1598 1366 1662 '‘W'‘V·

145 1709 231 1773 Illud
248 1721 360 1774 autem
376 1711 525 1774 maxime
540 1712 689 1796 optabile
702 1722 752 1775 est
769 1721 802 1774 et
814 1711 1049 1788 necessarium,
1064 1720 1102 1773 ut
1118 1709 1204 1772 eius·
1232 1733 1275 1781 stt
1290 1734 1375 1798 scrop.

97 1816 175 1878 dem
193 1815 326 1878 divinae
343 1813 534 1897 Scripturae
545 1837 623 1879 usus
636 1817 669 1879 in
681 1818 868 1880 universam
886 1813 1077 1895 theologiae
1088 1810 1205 1874 influat
1232 1799 1386 1914 mem

97 1917 312 1998 disciplinam
339 1919 475 1999 eiusque
501 1941 606 2004 prope
633 1921 676 1984 sit
702 1920 837 1984 anima:
854 1919 902 1982 ita
927 1919 1083 1988 nimirum
1112 1916 1205 1980 omni
1233 1931 1385 2008 logiasqu-

88 2029 210 2084 ¹aetate
237 2021 352 2084 Patres
369 2033 470 2104 atque
486 2023 741 2104 praeclarissimi
758 2023 883 2105 quique
899 2021 1048 2104 theologi
1065 2019 1205 2102 professi
1233 2010 1388 2112 fflnss'ssn,

98 2136 179 2187 sunt
195 2134 229 2188 et
245 2145 279 2188 re
295 2126 540 2208 praestiterunt.
558 2127 647 2190 Nam
665 2147 750 2210 quae
766 2127 935 2190 obiectum
952 2135 1030 2187 sunt
1055 2121 1131 2186 fidei
1154 2122 1205 2185 vel
1234 2127 1345 2176 Parrum

99 2229 144 2290 ab
161 2249 201 2291 eo
216 2239 478 2311 consequuntur,
494 2253 538 2294 ex
572 2233 694 2295 divinis
722 2229 897 2313 potissime
916 2227 1052 2292 Litteris
1069 2225 1205 2290 studue·
1233 2208 1342 2322 {zm

98 2341 178 2394 runt
195 2353 340 2395 asserere
365 2343 399 2395 et
422 2335 569 2398 stabilire
585 2357 593 2414 ;
609 2346 710 2418 atque
735 2357 780 2398 ex
806 2334 895 2415 ipsis,
911 2333 998 2395 sicut
1014 2331 1138 2414 pariter
1161 2349 1206 2392 ex
1234 2321 1386 2438 ‚ssiflssfssba

96 2435 213 2499 divina
234 2437 421 2512 traditione,
445 2459 531 2502 nova
559 2441 800 2503 haereticorum
828 2448 1022 2502 commenta
1054 2433 1207 2512 refutare,
1233 2455 1384 2518 erexempla.

96 2539 339 2604 catholicorum
367 2544 565 2625 dogmatum
591 2545 765 2620 rationem,
790 2541 1058 2624 intelligentiam,
1073 2537 1206 2602 vincula
1255 2581 1386 2650 mom

95 2643 283 2725 exquirere.
300 2645 419 2728 Neque
435 2646 467 2708 id
481 2647 635 2728 cuiquam
654 2645 751 2712 suerit
768 2647 887 2710 mirum
904 2647 961 2729 qui
979 2654 1118 2726 reputet,
1134 2654 1204 2707 tam
1234 2654 1322 2717 nequir
1338 2653 1388 2700 rm

96 2747 264 2828 insignem
286 2747 397 2811 locum
427 2751 513 2812 inter
529 2751 742 2813 revelationis
758 2750 868 2815 lontes
884 2751 1006 2816 divinis
1023 2749 1133 2812 Libris
1149 2749 1205 2812 de·
1231 2725 1388 2832 mm„

96 2851 179 2929 beri,
191 2861 237 2930 ut,
248 2853 309 2914 nisi
324 2873 438 2915 eorum
452 2855 564 2916 studio
580 2875 708 2936 usuque
724 2857 869 2932 assiduo,
881 2865 1026 2937 nequeat
1036 2853 1207 2936 theologia
1233 2849 1382 2963 msam

96 2955 161 3018 rite
192 2963 226 3017 et
254 2975 314 3036 pro
346 2957 512 3037 dignitate
542 2958 686 3021 tractari.
703 2957 854 3022 Tametsi
880 2960 969 3022 enim
1002 2967 1129 3020 rectum
1156 2965 1209 3019 est
1301 2981 1386 3042 Argu·

96 3057 236 3120 iuvenes
261 3059 294 3120 in
322 3058 517 3124 Academiis
545 3071 578 3123 et
602 3060 725 3124 scholis
742 3062 789 3124 ita
805 3063 984 3144 praecipue
1000 3060 1148 3124 exerceri
1172 3069 1209 3122 ut
1234 3045 1376 3174 gfff-n

96 3160 308 3224 intellectum
326 3174 359 3226 et
386 3165 561 3229 scientiam
587 3167 786 3247 dogmatum
815 3177 1046 3249 assequantur,
1062 3167 1105 3228 ab
1131 3166 1209 3228 arti·
1234 3175 1368 3225 scholisad

97 3261 184 3326 culis
200 3261 276 3328 fidei
302 3269 595 3346 argumentatione
611 3270 766 3332 instituta
781 3272 824 3334 ad
854 3270 920 3333 alia
936 3290 980 3332 ex
1003 3270 1077 3347 illis,
1093 3289 1208 3333 secun·
1234 3243 1376 3355 ffl‘ffl

98 3369 183 3430 dum
211 3387 345 3431 normas
374 3372 536 3450 probatae
569 3372 764 3454 solidaeque
799 3373 1043 3456 philosophiae,
1076 3371 1209 3435 conclu·
1235 3372 1388 3486 mim-r

98 3470 213 3534 denda
226 3492 234 3548 ;
246 3473 338 3552 gravi
349 3482 462 3536 tamen
475 3477 673 3559 eruditoque
685 3479 847 3561 theologo
857 3479 995 3540 minime
1008 3475 1211 3560 negligenda
1232 3502 1321 3568 pamla

98 3583 154 3654 est
177 3575 250 3656 ipsa
265 3577 509 3642 demonstratio
525 3581 723 3662 dogmatum
742 3604 785 3645 ex
803 3581 987 3646 Bibliorum
1005 3579 1211 3643 auctoritati·
1233 3568 1376 3683 mg?

99 3678 166 3741 bus
189 3679 291 3742 ducta
306 3703 312 3744 :
330 3695 348 3748 u
366 3682 444 3745 Non
462 3684 550 3746 enim
568 3685 690 3766 accipit
705 3685 905 3768 (theologia)
922 3705 982 3747 sua
995 3683 1158 3766 principia
1168 3683 1212 3746 ab
1238 3707 1322 3748 ranem
1339 3713 1380 3746 ne-

100 3781 179 3846 aliis
195 3783 353 3862 scientiis,
369 3788 426 3848 sed
445 3787 640 3852 immediate
668 3809 688 3852 a
716 3789 790 3853 Deo
816 3810 874 3871 per
899 3788 1149 3852 revelationem.
1166 3787 1213 3851 Et
1234 3763 1389 3879 fimf„

100 3887 180 3950 ideo
199 3907 264 3950 non
282 3891 404 3972 accipit
431 3893 474 3954 ab
490 3889 563 3954 aliis
580 3893 736 3969 scientiis,
752 3905 926 3976 tamquam
943 3913 962 3955 a
978 3892 1213 3974 superioribus,
1238 3893 1372 3973 riqflexBi-

101 3989 162 4052 sed
187 3991 291 4054 utitur
326 3994 373 4055 eis
399 4005 573 4076 tamquam
605 3995 815 4059 inferioribus
846 4009 880 4060 et
912 3997 1084 4064 ancillis.)
1116 3993 1213 4079 Quae
1237 3960 1389 4018 bl‘⁸³d¹⁴⁶“²’

135 4163 154 4196 1.
170 4150 217 4197 Clr.
233 4153 309 4200 Clem.
322 4156 390 4202 Alex.
405 4156 504 4210 Sirone,
518 4165 564 4208 vll,
579 4158 621 4212 16;
633 4157 711 4216 orig..
732 4158 864 4218 Deprinc..
879 4169 914 4212 lv,
935 4161 965 4215 8;
978 4161 1006 4205 in
1016 4161 1094 4208 Levit.
1114 4163 1175 4209 bour.
1188 4176 1212 4221 4,

102 4223 133 4276 ες
146 4219 256 4274 Tertull,
269 4222 426 4281 Depraescr„
442 4237 477 4283 15.
489 4237 555 4284 seqq.
570 4225 610 4277 ;S.
627 4225 701 4272 Hilar.
717 4226 786 4279 Fiet,
799 4227 827 4273 in
843 4229 934 4274 Matar.
950 4241 984 4287 13.
1000 4242 1018 4276 r.

135 4303 158 4340 2.
173 4291 197 4337 S.
211 4289 284 4347 Greg.
298 4291 345 4345 M.,
358 4291 448 4338 Moral.
463 4301 509 4344 xx.
523 4291 589 4352 9(al.
604 4289 649 4352 ιι).
