3250 4888
312 296 631 350 CONSOClATlONlS
658 296 687 346 S.
716 293 911 345 FAMlLlAE.
1143 286 1191 359 93

545 497 734 566 ORATIO

174 651 361 719 QUOTIDIE
384 650 605 702 RECITANDA
620 651 726 707 ANTE
746 649 943 701 IMAGINEM
967 646 1108 700 SACRAE

554 773 746 824 FAMILIAE.

136 948 153 999 t
169 931 200 998 Ο
217 931 448 996 amantissime
466 929 553 1009 lesu,
568 929 625 1014 qui
647 929 871 996 ineffabilibus
887 932 954 996 tuis
965 927 1146 996 virtutibus
1162 937 1197 995 et

101 1037 215 1102 (vitae
225 1035 433 1100 domesticae
444 1034 613 1118 exemplis
628 1034 806 1100 Familiam
817 1057 838 1101 a
848 1046 882 1101 te
897 1036 1040 1100 electam
1053 1035 1087 1100 ln
1102 1034 1197 1098 terris

99 1139 337 1217 (consecrasti,
348 1139 533 1202 clementer
543 1137 655 1221 aspice
672 1149 822 1204 nostram
839 1140 927 1204 hanc
943 1139 1094 1217 domum,
1108 1156 1197 1221 quae

99 1243 169 1310 rad
197 1253 274 1307 tuos
305 1243 409 1326 pedes
435 1241 614 1326 provoluta
630 1244 814 1325 propitium
831 1252 865 1306 te
895 1241 958 1307 sibi
989 1242 1196 1325 deprecatur.

101 1361 115 1412 t
130 1347 303 1410 Memento
318 1358 411 1410 tuam
429 1367 502 1410 esse
517 1347 603 1412 hanc
619 1348 759 1412 domum
774 1347 953 1431 ;quoniam
970 1346 1033 1412 tibi
1045 1366 1082 1410 se
1097 1365 1198 1429 pecu·

100 1449 197 1516 ‹liari
215 1451 307 1515 cultu
325 1453 468 1516 sacravit
490 1471 531 1515 ac
556 1452 700 1518 devovit.
724 1452 837 1536 Ipsam
865 1452 1032 1535 benignus
1059 1460 1198 1528 tuere‚a

101 1555 283 1636 <periculis
299 1555 399 1638 eripe,
415 1556 479 1638 ipsi
495 1555 529 1619 in
547 1556 802 1621 necessitatibus
827 1577 973 1635 occurre,
989 1565 1022 1622 et
1038 1557 1197 1620 virtutem

100 1672 115 1723 t
130 1657 259 1740 largire,
274 1661 386 1744 quain
405 1659 595 1725 imitatione
612 1659 775 1724 Familiae
802 1670 881 1726 tuae
911 1669 1046 1724 sanctae
1077 1659 1199 1741 iugiter

101 1773 317 1843 «perseveret
332 1785 340 1842 ;
355 1775 393 1828 ut
409 1765 558 1830 mortalis
582 1786 662 1830 suae
677 1766 765 1830 vitae
792 1773 945 1848 tempore
969 1765 1002 1827 in
1026 1763 1076 1826 tui
1103 1762 1199 1827 obse·

101 1869 208 1950 tquio
225 1879 259 1932 et
275 1889 390 1934 amore
405 1868 547 1935 fideliter
563 1869 750 1948 inhaerens,
764 1869 875 1934 valeat
890 1867 1028 1957 tandem
1045 1875 1199 1931 aeternas

102 1983 117 2033 t
133 1971 190 2034 tibi
208 1971 327 2036 laudes
343 1973 531 2057 persolvere
547 1973 580 2036 in
597 1973 706 2038 caelis.
731 2047 733 2052 ,

141 2073 205 2143 (Ο
226 2077 343 2154 Maria,
360 2078 472 2141 Mater
488 2078 691 2156 dulcissima,
708 2088 803 2142 tuum
821 2075 1023 2161 praesidium
1041 2074 1200 2156 implora·

104 2193 118 2244 t
133 2198 217 2258 mus,
234 2183 314 2244 certi
330 2183 481 2246 divinum
497 2193 593 2247 tuum
611 2181 834 2266 Unigenitum
851 2182 1005 2265 precibus
1022 2181 1088 2244 tuis
1104 2180 1200 2244 obse·

104 2293 297 2350 (cuturum.

141 2397 157 2450 t
174 2386 299 2472 Tuque
316 2389 429 2468 etiam,
456 2389 696 2472 gloriosissime
715 2387 908 2454 Patriarcha
928 2397 1045 2452 sancte
1068 2386 1202 2468 Ioseph,

102 2503 117 2552 t
134 2493 266 2572 potenti
282 2503 341 2556 tuo
357 2495 545 2576 patrocinio
558 2494 654 2558 nobis
671 2513 835 2570 succurre,
850 2502 884 2557 et
901 2491 1030 2555 Mariae
1046 2490 1202 2555 manibus

103 2602 211 2658 (vota
228 2607 344 2659 nostra
361 2596 438 2660 Iesu
457 2595 591 2662 Christo
607 2597 809 2679 porrigenda
822 2597 992 2660 submitte.
1009 2609 1027 2665 l

141 2696 168 2760 li
184 2719 268 2762 vero
284 2701 427 2785 sodales,
443 2701 500 2784 qui
519 2701 570 2765 vel
595 2701 801 2782 infirmitate,
812 2703 864 2764 vel
883 2701 949 2766 alia
965 2721 1083 2766 caussa
1099 2702 1205 2782 impe·

101 2799 156 2862 diti
177 2802 269 2866 hanc
283 2803 481 2870 Orationem
513 2805 653 2869 recitare
681 2807 900 2888 nequiverint,
916 2807 1071 2870 eamdem
1096 2803 1205 2868 indul-

102 2908 249 2983 gentiam
267 2908 386 2973 lucrari
403 2919 572 2993 poterunt,
589 2910 616 2971 si
640 2911 763 2974 devote
794 2911 971 2994 quinquies
993 2909 1206 2974 recitaverint

102 3007 297 3074 Orationem
329 3013 546 3091 dominicam,
570 3023 603 3078 et
634 3014 872 3080 salutationem
894 3015 1095 3096 Angelicam
1128 3031 1205 3077 cum

103 3113 215 3179 Gloria
225 3117 337 3184 Patri.
625 3209 677 3272 HI

111 3379 437 3552 DUCENTORUM
464 3383 592 3448 dierum
611 3383 855 3468 indulgentiam
880 3379 1011 3445 sodales
1028 3375 1207 3444 Consocia·

229 3485 331 3550 tionis
363 3497 611 3572 consequantur
641 3487 744 3551 semel
776 3489 810 3550 in
843 3485 907 3561 die,
933 3483 960 3546 sl
992 3479 1207 3545 iaculatorias

100 3609 213 3670 preces
231 3609 444 3673 quocumque
460 3592 623 3655 idiomate
639 3589 818 3656 effuderint
834 3598 871 3655 ut
887 3588 972 3652 infra
989 3609 997 3651 ε

141 3693 283 3774 (Gemi,
300 3695 418 3772 Maria,
442 3694 623 3780 Giuseppe,
649 3695 877 3772 illuminateci,
901 3687 1128 3764 soccorreteci‚
1143 3685 1208 3750 sal·

99 3799 216 3863 vateci.
235 3797 421 3867 Cosl'sia.)
630 3886 680 3952 IV

104 4059 328 4234 CENTUM
344 4063 472 4126 dierum
495 4061 740 4148 indulgentiam
760 4057 970 4124 lucrifaciant
986 4053 1128 4133 sodales,
1151 4051 1210 4136 qui

220 4183 359 4246 operam
385 4167 547 4244 dederint,
564 4175 601 4230 ut
629 4163 830 4229 christianae
856 4159 1003 4226 familiae
1029 4155 1108 4220 huic
1135 4153 1211 4238 piae

100 4277 131 4330 et
148 4266 335 4332 universali
352 4265 602 4334 Consociationi
624 4286 696 4332 sese
712 4267 913 4334 adscribant.
