3222 4888
407 300 475 370 190
514 299 704 350 tirrannus
723 299 960 351 ENCYCLICAE
982 290 1003 319 ¹‘
1017 303 1222 354 enarrarre
1241 305 1420 356 suxeris.
1434 282 1449 310 ¹’

267 464 375 529 scruter
400 453 530 517 evincat
562 450 747 516 tolerando.
767 451 860 514 Hinc
891 452 972 516 illud
999 463 1097 529 recte,
1119 453 1238 518 Facere
1262 453 1381 535 etpatr'
1393 454 1494 534 fortia

256 529 374 644 „ZZZ
398 555 614 619 christianum
640 565 713 628 ert,·
730 554 931 619 christianus
955 555 1091 634 etenim,
1115 558 1319 640 quicumque
1342 558 1493 621 habeatur

223 677 282 720 nus,
400 660 528 735 merit0,
546 658 718 724 Christum
744 659 929 740 patientem
947 679 1013 721 non
1031 659 1191 743 subsequi
1216 679 1427 744 nequaquam
1444 679 1493 740 po·

399 773 474 828 test.
492 763 693 826 Patientiam
707 770 820 850 autern
843 762 994 840 dicimus,
1006 784 1072 827 non
1089 765 1224 828 inanem
1238 765 1341 828 animi
1358 773 1495 828 ostenta·

398 867 525 930 tionem
551 867 594 928 ad
623 865 774 928 dolorem
791 865 1055 943 obdurescentis,
1071 887 1158 949 quae
1188 870 1411 950 quorumdam
1442 867 1497 930 iuit

399 982 549 1036 veterum
567 971 843 1052 philosophorum
861 990 869 1048 ;
884 973 942 1032 sed
957 991 1052 1054 quae,
1062 973 1258 1056 exemplum
1270 974 1314 1036 ab
1325 973 1383 1037 illo
1399 983 1497 1036 trans·

276 1125 375 1175 christi
401 1075 508 1140 serens
523 1073 590 1156 qui,
592 1074 755 1156 proposito
766 1073 833 1136 sibi
840 1075 975 1156 gaudio,
990 1075 1152 1139 sustinuit
1174 1097 1307 1154 crucem,
1321 1077 1498 1157 confusione

223 1193 333 1269 exemplo
351 1197 375 1239 et
399 1187 576 1262 contempta
592 1177 644 1261 (ί),
656 1179 700 1241 ab
727 1177 868 1260 ipsoque
890 1188 1083 1260 opportuna
1098 1180 1227 1262 gratiae
1245 1201 1436 1264 exposcens
1447 1201 1497 1244 au·

221 1265 320 1386 ma
332 1256 373 1304 ω’
401 1284 492 1361 xilia,
509 1282 638 1364 perpeti
651 1301 770 1363 aspera
787 1279 869 1344 nihil
898 1292 1017 1346 renuat
1043 1293 1145 1365 atque
1161 1283 1263 1347 etiam
1288 1283 1422 1366 gestiat,
1435 1305 1499 1366 per·

402 1386 666 1470 passionemque,
694 1395 966 1468 quantacumque
997 1406 1037 1448 ea
1064 1385 1171 1464 luerit,
1201 1387 1235 1450 in
1267 1386 1367 1451 lucris
1394 1396 1499 1470 ponat.

245 1496 276 1538 ur
287 1489 375 1538 murro-
404 1489 534 1554 Habuit
550 1489 753 1554 catholicum
772 1507 904 1561 nomen,
917 1509 955 1552 ac
972 1509 1053 1553 sane
1078 1490 1189 1569 habet,
1204 1489 1379 1556 doctrinae
1407 1491 1498 1556 huius

224 1571 287 1668 ”12⁷1
296 1560 374 1668 ,Ἐξ
401 1594 583 1676 discipulos
608 1593 901 1678 praeclarissimos,
916 1595 1106 1676 complures
1128 1596 1253 1679 ubique
1275 1617 1321 1661 ex
1336 1599 1432 1662 omni
1453 1619 1499 1661 or·

221 1685 303 1749 prum.
402 1700 481 1764 dine
496 1700 584 1762 viros
597 1708 630 1761 et
641 1698 793 1774 feminas,
804 1699 873 1780 qui,
888 1719 947 1780 per
963 1701 1104 1782 vestigia
1119 1701 1243 1764 Christi
1260 1702 1413 1781 Domini,
1422 1704 1497 1766 iniu-

403 1803 469 1865 rias
485 1799 751 1882 acerbitatesque
766 1819 884 1862 omnes
901 1819 961 1880 pro
977 1801 1099 1865 virtute
1116 1811 1150 1865 et
1167 1801 1330 1886 religione
1345 1804 1498 1880 subirent,

402 1905 484 1968 illud
502 1903 653 1984 Didymi,
668 1921 703 1965 re
728 1903 836 1984 magis
852 1922 954 1985 quarn
980 1905 1080 1981 dicto,
1097 1917 1296 1988 usurpantes
1310 1931 1317 1970 :
1332 1907 1464 1970 Eamus
1476 1917 1502 1971 et

404 2028 469 2084 uos,
484 2016 515 2070 et
529 2006 716 2069 moriamur
728 2027 801 2069 cum
823 2026 858 2069 eo
873 2006 885 2089 (
903 2007 925 2088 ).
940 2045 983 2055 —
1000 2006 1097 2090 Quae
1124 2009 1265 2092 insignis
1295 2014 1500 2076 constantiae

404 2111 493 2175 sacta
524 2111 625 2174 etiam
657 2121 759 2192 atque
790 2112 892 2174 etiam
918 2111 1181 2194 multiplicentur
1206 2113 1393 2197 splendide,
1422 2117 1502 2181 unde

404 2217 607 2298 praesidium
624 2215 761 2292 civitati,
775 2199 1064 2280 Ecclesiae‘virtus
1081 2229 1241 2300 augescat
1261 2230 1295 2284 et
1310 2219 1419 2302 gloria
1437 2221 1443 2283 !

254 2345 375 2408 30Furu-
447 2321 597 2384 Tertium
616 2319 779 2382 malorum
796 2329 907 2403 caput,
928 2323 981 2386 cui
1002 2325 1194 2404 quaerenda
1214 2335 1264 2389 est
1281 2325 1459 2401 medicina,
1472 2323 1500 2385 iu

225 2425 374 2539 qmssp'c'ffi
401 2422 594 2488 hominibus
611 2423 761 2486 maxime
774 2434 916 2506 apparet
932 2427 1053 2489 aetatis
1070 2436 1214 2492 nostrae.
1233 2428 1402 2492 Homines
1418 2429 1500 2491 enim

247 2539 374 2589 musorri-
402 2527 608 2610 superiorum
635 2536 836 2608 temporum,
859 2528 886 2589 si
911 2527 1048 2610 quidem
1074 2531 1251 2610 terrestria,
1267 2531 1319 2595 vel
1344 2531 1501 2606 vitiosius,

225 2606 273 2654 ⁰³⁰¹
337 2704 341 2715 Ι
402 2631 617 2705 adamabant,
628 2628 694 2690 iere
707 2637 821 2692 tamen
835 2649 900 2692 non
916 2631 1050 2710 penitus
1062 2632 1329 2713 aspernabantur
1338 2633 1501 2696 caelestia:

281 2704 339 2752 Tala
350 2719 411 2754 0··
456 2735 464 2750 .
566 2734 573 2747 .
866 2733 873 2747 .
1157 2735 1165 2750 ,
1223 2737 1230 2752 ‚
1412 2738 1447 2751 ,Ι

267 2769 374 2818 brivium
401 2755 465 2818 rpsr
481 2735 691 2798 ethnicorum
716 2733 961 2814 prudentiores,
977 2733 1063 2797 hanc
1087 2736 1183 2800 nobrs
1199 2745 1303 2801 vitam
1320 2737 1499 2820 hospitium

222 2841 373 2948 mm·
401 2857 483 2916 esse,
498 2857 564 2900 non
582 2837 732 2912 domum,
748 2837 982 2900 commorandi
999 2837 1228 2920 diversorium,
1240 2862 1307 2905 non
1319 2839 1502 2915 habitandi,

223 2966 359 3096 rqumqu
400 2944 516 3007 datum
534 2943 727 3005 docuerunt.
745 2939 812 3020 Qui
830 2961 917 3004 nunc
940 2962 1019 3005 vero
1042 2954 1119 3006 sunt
1145 2944 1308 3022 homines,
1333 2947 1398 3009 etsi
1424 2945 1500 3008 chri·

223 3045 239 3078 a
258 3037 294 3078 ec!

250 3111 284 3143 ua

285 3032 375 3144 drusii
400 3047 509 3110 stiana
525 3046 598 3127 lege
615 3043 771 3117 instituti,
787 3042 880 3108 fluxa
897 3047 1084 3126 praesentis
1101 3045 1173 3109 aevi
1190 3048 1279 3112 bona
1294 3047 1501 3140 pleriquesic

222 3104 350 3211 eirnrcdp
400 3160 645 3224 consectantur,
662 3158 697 3212 ut
714 3147 879 3230 potiorem
896 3150 1041 3230 patriam
1061 3149 1093 3211 in
1119 3151 1192 3214 aevi
1219 3153 1417 3236 sempiterni
1433 3153 1502 3215 bea-

400 3257 506 3334 titate,
522 3275 589 3318 non
607 3251 769 3316 memoria
784 3251 893 3315 solum
912 3251 1009 3330 elabi,
1031 3253 1088 3315 sed
1106 3253 1293 3318 extinctam
1317 3275 1453 3338 prorsus
1468 3273 1500 3316 ac

400 3361 545 3426 deletam
563 3379 621 3440 per
637 3373 805 3420 summum
822 3352 970 3417 dedecus
986 3353 1110 3432 velint;
1127 3354 1247 3420 frustra
1269 3365 1500 3420 commonente

283 3525 315 3574 H
339 3527 344 3536 ,
402 3463 526 3529 Paulo:
547 3463 626 3526 Nou
652 3457 807 3523 habemus
821 3455 875 3520 lrr'c
898 3467 1079 3521 manentem
1094 3459 1270 3538 civitatem,
1284 3461 1500 3540 sedjuturaur

223 3541 373 3640 mamm
400 3567 602 3650 inquirimus
629 3563 680 3646 (3).
709 3561 813 3626 Cuius
840 3561 886 3623 rei
911 3561 1167 3644 explorantibus
1193 3583 1338 3643 caussas,
1362 3563 1446 3627 illud
1470 3563 1498 3624 in

235 3659 372 3771 ²⁶22?ss
400 3673 515 3756 primis
542 3670 692 3746 occurrit,
724 3667 815 3750 quod
847 3666 960 3730 multis
994 3687 1188 3749 persuasum
1220 3669 1272 3746 sit,
1299 3668 1498 3751 cogitatione

221 3801 306 3836 eorum
327 3787 374 3851 qur·
401 3775 586 3840 futurorum
598 3773 771 3836 caritatem
783 3769 893 3834 dirimi
907 3771 1036 3851 patriae
1048 3772 1212 3834 terrestris
1224 3771 1338 3854 reique
1350 3772 1497 3854 publicae

218 3859 313 3967 {m
325 3859 374 3967 '’vi-s
399 3880 655 3962 prosperitatem
672 3873 814 3938 convelli
827 3894 915 3956 :quo
928 3875 1008 3937 nihil
1022 3874 1175 3956 proiecto
1187 3873 1346 3954 odiosius,
1358 3875 1497 3958 ineptius

220 3983 372 4058 rasurum
400 3983 491 4048 nihil.
508 3981 642 4047 Etenim
661 3999 728 4043 non
746 3997 785 4041 ea
811 3980 1052 4059 sperandarum
1071 3987 1190 4042 natura
1208 3989 1258 4044 est
1284 3999 1405 4057 rerum,
1419 3994 1498 4060 quae

215 4055 371 4164 piisime
400 4096 529 4151 mentes
544 4085 719 4149 hominum
737 4081 800 4144 sibi
816 4082 863 4143 sic
889 4083 1069 4159 vindicent,
1087 4092 1123 4146 ut
1144 4103 1200 4147 eas
1217 4103 1237 4146 a
1262 4102 1342 4146 eura
1367 4081 1498 4147 omnino

227 4181 372 4258 pfasseuujs
399 4200 552 4258 avertant
567 4187 793 4274 praesentium
810 4185 974 4250 bonorum
984 4208 991 4264 ;
1002 4187 1139 4269 quando
1152 4196 1186 4250 et
1199 4184 1351 4252 Christus
1363 4201 1495 4268 regnum

241 4253 307 4309 rmpe
324 4261 369 4296 m.
414 4281 1493 4372 M
