3296 4886
243 330 294 379 DE
321 321 479 380 SCHOLIS
509 327 733 379 NONNULLIS
760 327 918 379 ARCHID.
949 327 978 378 S.
1007 325 1132 378 PAULI.
1201 320 1247 398 75

182 481 272 547 Cum
294 500 373 544 vero
388 480 566 562 pastoralis
594 479 785 543 sollicitudo
810 487 845 541 et
861 477 1050 563 impensum
1080 479 1250 561 religionis
1282 489 1285 496 ⁴
1312 499 1393 588 Mam

136 585 574 672 studium‚qquntistites
590 585 686 648 istius
696 581 924 663 amplissimae
940 583 1077 647 ditionis
1090 581 1251 660 seruntur,
1317 599 1391 661 1892.

137 689 264 756 Sacrae
281 688 544 772 congregationi
561 688 713 769 apprime
740 697 952 771 perspectum
980 687 1032 764 sit,
1049 685 1168 750 eadem
1189 706 1251 768 pro
1278 715 1308 762 df
1341 713 1431 776 pueris

136 803 232 858 certo
245 794 347 857 habet
362 793 456 858 omni
472 813 537 875 ope
553 794 643 875 ipsos
660 793 835 858 adnisuros
851 792 894 856 ad
910 791 1085 873 aptissima
1102 791 1251 854 remedia
1279 779 1431 909 {ffl‘zzf

135 899 352 976 invenienda,
374 898 497 981 quibus
512 897 603 960 hisce
628 897 725 960 malis
741 895 920 960 efficaciter
943 905 1144 959 occurratur.
1163 895 1250 958 Item
1279 911 1362 960 ducas.

137 1001 333 1065 nuliatenus
348 999 482 1064 dubitat
498 1001 578 1083 quin
597 1019 657 1082 pro
674 997 765 1062 filiali
785 1000 1000 1064 veneratione
1017 1021 1083 1083 qua
1100 1000 1251 1082 Aposto-

136 1107 241 1170 iicam
258 1105 381 1171 Sedem
399 1115 655 1187 prosequuntur,
681 1103 793 1182 iidem,
809 1106 925 1188 quavis
941 1105 1100 1169 submota
1123 1105 1251 1170 animo·

135 1231 214 1274 rum
231 1209 449 1286 dissensione,
464 1209 507 1272 ad
524 1208 726 1272 catholicum
744 1227 868 1272 nornen
881 1210 1059 1274 tutandum
1077 1217 1111 1271 et
1126 1227 1251 1291 augen-

135 1316 232 1390 dum,
248 1314 405 1378 concordi
417 1312 591 1377 voluntate
607 1322 640 1376 et
653 1313 939 1376 consentientibus
955 1312 1084 1389 animis,
1096 1319 1253 1374 constan·

135 1417 410 1483 teradlaborent.

185 1523 321 1585 Interea
333 1521 447 1585 omnia
463 1520 541 1584 Tibi
558 1521 699 1585 faustaa
716 1521 792 1584 Deo
809 1542 852 1584 ex
870 1519 984 1583 animo
997 1537 1123 1601 precor.

184 1625 316 1688 Datum
340 1625 471 1688 Rornae
487 1643 531 1687 ex
548 1624 635 1690 Aed.
660 1625 694 1690 S.
711 1625 748 1691 C.
771 1625 1016 1706 Propagandae
1031 1625 1129 1688 Fidei
1154 1623 1209 1686 die
1234 1639 1251 1702 3

137 1731 225 1796 Maii
247 1731 339 1812 1892.

319 1851 566 1932 Amplitudinis
584 1850 678 1913 Tuae
737 1902 740 1908 .

626 1971 889 2034 Addictissimos
913 1969 1037 2036 Servus

473 2095 519 2160 M.
536 2093 650 2160 CARD.
665 2089 1041 2167 LEDOCHOWSKI,
1055 2089 1254 2170 Praefectus.

319 2231 355 2301 ἆ·
367 2231 561 2310 ΙῦΝΑτιυε,
572 2231 756 2296 Ancurae.
770 2230 1027 2306 Tnnmrnan,
1042 2223 1254 2293 secretarius.
