3250 4888
448 299 516 366 166
546 315 660 365 EPIST.
680 315 837 364 ENCYCL.
861 301 946 364 “Au
967 315 1171 366 ExrREMAs
1189 313 1373 365 ORlENTlS
1392 311 1492 364 ORAS.
1510 287 1522 313 ἰ

442 475 544 549 atque
560 485 683 548 augere
699 465 749 529 las
773 476 871 543 esset,
887 466 1049 529 nonnulla
1073 465 1160 530 felici
1184 467 1278 530 exitu
1307 465 1539 542 constituimus,

443 566 665 631 incolumitati
677 565 834 628 catholici
851 567 996 628 nominis
1012 563 1197 648 prolutu'ra.
1220 567 1368 630 Primum
1397 586 1476 652 sane
1503 567 1539 630 dc

444 674 625 748 patronatu
643 665 826 729 Lusitanae
840 665 950 747 gentis
967 665 1000 728 in
1019 665 1126 729 lndiis
1145 666 1379 732 Orientalibus
1390 667 1539 748 regundo,

444 785 520 829 cum
545 763 741 829 fidelissimo
759 765 985 848 Portugalliae
1016 775 1050 829 et
1081 765 1320 849 Algarbiorum
1353 787 1442 849 rege,
1470 766 1540 830 data

444 869 650 950 acceptaque
667 865 742 945 lide,
757 869 819 934 rite
832 870 921 951 pacti
939 887 1063 932 sumus.
1085 865 1205 948 quue
1223 866 1312 930 facto
1327 865 1468 930 dissidia
1492 865 1540 930 illa

444 971 597 1054 prolecto
611 991 677 1036 non
695 971 790 1050 levia,
802 992 889 1054 quae
899 982 968 1034 tam
981 972 1038 1035 diu
1049 971 1307 1035 christianorum
1321 970 1540 1034 distraxerant

311 1107 366 1150 m,
378 1116 417 1149 or·
444 1071 584 1148 animos,
598 1069 742 1135 sublatis
765 1073 1021 1136 contentionum
1042 1070 1179 1148 caussis,
1194 1070 1359 1151 quievere.
1377 1069 1539 1132 Maturum

300 1167 417 1243 “W’‘
444 1180 615 1254 praeterea
631 1192 670 1234 ac
687 1171 821 1234 salubre
833 1172 1063 1248 iudicavimus,
1075 1191 1121 1233 ex
1131 1170 1271 1251 singulis
1288 1169 1539 1234 christianorum

295 1229 416 1281 Ecclesia·
605 1271 613 1285 .
667 1272 673 1284 .
896 1271 903 1286 .
964 1271 984 1286 ..
1177 1270 1183 1284 .
1407 1269 1447 1283 ..

266 1313 324 1346 rum
337 1297 416 1345 mr.
443 1270 750 1348 communitatibus,
761 1289 847 1352 quae
859 1269 1003 1334 Vrcarus
1021 1269 1244 1333 Praefectrsve
1269 1268 1466 1351 apostolicis
1491 1287 1540 1330 an-

286 1363 419 1491 ”zm
442 1383 498 1438 tea
521 1385 709 1456 paruerant,
727 1373 908 1438 Dioeceses
924 1375 991 1438 veri
1020 1373 1165 1438 nominis
1190 1373 1337 1448 conflari,
1354 1391 1442 1455 quae
1472 1391 1540 1434 suos

309 1493 415 1570 lflierar-
443 1478 604 1543 haberent
637 1479 834 1560 Episcopos,
862 1499 900 1542 ac
926 1479 995 1542 iure
1026 1479 1198 1542 ordinario
1225 1477 1541 1541 administrarentur.

282 1558 416 1673 ‘2222'
444 1579 634 1659 Propterea,
663 1597 721 1659 per
738 1577 885 1642 Litteras
908 1578 1112 1662 apostolicas
1140 1578 1320 1641 Humanae
1349 1577 1481 1655 salutes,
1495 1577 1541 1640 die

265 1704 329 1738 cam.
447 1696 458 1741 1
480 1677 689 1759 Septembris
705 1697 757 1742 an.
769 1691 1037 1741 Mucchxxxvt
1054 1680 1161 1756 datas,
1177 1697 1264 1743 nova
1280 1677 1393 1742 inillis
1408 1677 1541 1761 regioni·

442 1784 505 1848 bus
524 1781 720 1846 Hierarchia
737 1785 922 1847 constituta
935 1794 996 1860 est,
1007 1803 1094 1866 quae
1116 1793 1194 1846 octo
1214 1783 1452 1847 ecclesiasticis
1476 1801 1540 1866 pro-

442 1885 559 1949 vinciis
585 1885 785 1962 continetur,
813 1885 940 1948 scilicet
972 1883 1100 1960 Goana,
1128 1883 1229 1947 titulo
1256 1884 1475 1966 patriarchali
1505 1885 1540 1948 ad

441 1989 603 2052 honorem
621 1997 729 2066 aucta,
747 1985 924 2070 Agraensi,
941 1987 1177 2069 Bombayensi,
1202 1985 1459 2068 Verapolitana,
1474 1987 1540 2053 Cal·

442 2089 596 2164 cuttensi,
614 2087 889 2170 Madraspatana,
907 2085 1180 2162 Pondicheriana,
1198 2084 1429 2150 Columbensi.
1447 2087 1539 2151 Deni-

442 2207 507 2270 que
524 2187 688 2270 quidquid
706 2187 772 2250 illic
790 2185 983 2268 frugiferum
998 2186 1098 2256 saluti
1116 2184 1195 2262 lore,
1204 2185 1369 2279 quidquid
1383 2189 1539 2268 expedire
1596 2251 1597 2254 ,

442 2287 485 2350 ad
503 2287 709 2370 incrementa
739 2288 874 2370 pietatis
901 2297 935 2350 et
962 2284 1040 2348 fidei
1072 2285 1311 2366 intelligamus,
1330 2281 1466 2349 efficere
1491 2307 1541 2370 per

442 2405 572 2448 sacrum
591 2385 777 2450 Consilium
795 2385 957 2449 Nostrum
974 2385 1158 2449 christiano
1175 2385 1304 2450 nomini
1327 2389 1541 2472 propagando

442 2481 636 2554 constanter
652 2489 836 2548 studemus.

239 2575 248 2597 '
301 2614 414 2662 Summo·
487 2584 555 2650 Sed
581 2595 694 2648 tamen
727 2605 778 2648 res
803 2595 855 2648 est
886 2605 953 2648 una
983 2583 1110 2666 reliqua
1139 2587 1229 2648 unde
1256 2585 1434 2652 indiarum
1460 2585 1541 2650 salus

233 2721 238 2730 ·
292 2679 415 2754 pmjam
443 2703 648 2767 magnopere
665 2686 789 2766 pendet
805 2709 813 2766 ;
830 2687 871 2748 ad
890 2704 990 2768 quam
1009 2704 1078 2748 rem
1097 2683 1405 2764 vos‚Venerabiles
1423 2689 1541 2758 fratres,
1594 2743 1595 2762 ,

299 2750 416 2858 ism}
443 2793 477 2846 et
490 2795 657 2867 quotquot
670 2785 918 2847 humanitatem
932 2785 1079 2865 diligunt
1106 2803 1298 2868 nomenque
1315 2787 1540 2860 christianum,

267 2873 416 2988 affigi}
442 2885 595 2951 volumus
613 2888 771 2951 maiorem
786 2888 819 2951 in
838 2890 975 2952 modum
992 2889 1175 2953 attendere.
1188 2889 1323 2954 Scilicet
1340 2889 1419 2954 lidei
1436 2892 1539 2955 catho-
1593 2975 1594 2978 Ἴ

264 3019 296 3052 ex
319 3004 414 3080 redege-
443 2983 525 3048 licae
542 2987 630 3066 apud
652 2987 881 3051 ludosintuta
898 2987 1110 3051 incolumitas
1127 2998 1178 3051 est
1193 2999 1227 3052 et
1245 2988 1371 3053 incerta
1381 3010 1539 3073 propaga·
1593 2989 1594 3030 l

299 3085 416 3184 'ssjffze
442 3089 489 3151 tio
514 3091 643 3154 tamdiu
670 3089 789 3168 futura,
804 3092 918 3174 quoad
949 3090 1066 3155 Clerus
1097 3091 1341 3157 desiderabitur
1368 3093 1476 3158 lectus
1503 3115 1539 3157 ex

290 3151 414 3276 suqmqip-
443 3185 606 3272 indigenis
616 3191 656 3252 ad
673 3210 810 3254 munera
837 3190 1058 3254 sacerdotalia
1075 3191 1179 3272 probe
1196 3194 1369 3271 institutis,
1393 3195 1455 3276 qui
1482 3211 1537 3256 non

317 3281 374 3314 saus
385 3267 411 3314 ⁸·
441 3285 549 3350 solum
566 3289 761 3353 adiumento
777 3310 851 3352 esse
869 3290 1098 3352 sacerdotibus
1115 3292 1307 3375 peregrinis,
1329 3294 1388 3356 sed
1415 3295 1539 3377 ipsimet

263 3329 414 3444 Xma
441 3384 473 3446 in
500 3385 692 3450 civitatibus
715 3389 782 3450 suis
817 3407 886 3452 rem
925 3388 1142 3455 christianam
1181 3393 1419 3458 administrare
1459 3403 1538 3457 recte

254 3461 413 3588 sssssszfm'
440 3494 574 3565 queant.
589 3485 762 3550 Proditum
780 3497 830 3550 est
848 3489 1037 3566 memoriae,
1053 3488 1140 3552 hanc
1156 3489 1264 3570 ipsam
1282 3489 1447 3554 insedisse
1472 3508 1536 3552 sen·

441 3585 580 3648 tentiam
596 3585 774 3650 Francisco
787 3587 945 3665 Xaverio,
956 3607 1055 3670 quem
1073 3609 1196 3672 negare
1212 3588 1307 3651 aiunt
1318 3588 1466 3667 solitum,
1477 3605 1536 3652 rcrn

440 3686 654 3752 christianam
671 3701 824 3755 constare
848 3692 880 3754 in
909 3691 1006 3755 india
1038 3712 1136 3774 posse
1163 3690 1388 3768 firmiter,nisi
1414 3691 1537 3755 assidue

440 3787 711 3852 incumbentibus
736 3791 799 3874 piis
831 3791 1041 3873 strenuisque
1062 3790 1292 3864 sacerdotibus
1321 3791 1419 3854 India
1448 3790 1535 3856 natis.

440 3881 559 3967 anue
576 3887 630 3950 ille
647 3889 679 3951 in
697 3909 732 3952 re
759 3909 860 3970 quarn
894 3901 990 3954 acute
1018 3892 1147 3967 viderit,
1163 3890 1259 3954 facile
1286 3902 1439 3974 apparet.
1455 3892 1534 3954 Nan

322 4051 346 4098 V
380 4051 385 4062 ,
440 3986 700 4067 apostolicorum
714 3990 860 4052 virorum
877 4009 1024 4070 operam,
1041 3991 1098 4072 qui
1112 4009 1156 4054 ex
1170 3989 1307 4072 Europa
1323 3991 1535 4062 advehuntur,

306 4067 413 4180 „m
441 4087 548 4151 multa
563 4091 794 4176 praepediunt,
811 4094 960 4156 maxime
980 4113 1059 4158 vero
1075 4093 1243 4158 vernaculi
1274 4095 1451 4159 inscientia
1478 4111 1535 4156 ser-

260 4196 349 4230 causas
368 4197 415 4230 cur
441 4189 559 4270 monis,
571 4194 664 4258 cuius
680 4195 874 4277 perdifficile
890 4207 941 4260 est
957 4198 1102 4280 arripere
1118 4199 1345 4280 cognitionem
1367 4219 1374 4276 ;
1397 4199 1535 4278 itemque

259 4247 412 4376 &lxm
440 4293 619 4360 insolentia
636 4298 864 4364 institutorum
882 4309 984 4384 atque
1002 4321 1143 4380 morum,
1155 4303 1275 4385 quibus
1297 4321 1340 4365 ne
1356 4303 1459 4384 longo
1469 4297 1534 4381 qui·
