3250 4888
821 443 1195 555 innocuam

769 676 827 735 Ad
844 676 880 738 S.
898 679 942 738 li.
958 677 999 736 Ε.
1015 677 1236 738 cardinales

539 842 605 903 oa
631 841 843 902 ruamus
873 823 917 905 S.
948 821 1095 909 Sams
1120 845 1460 910 vmmcaums.

335 1181 366 1214 12
449 1163 889 1316 &efflssmsl'omkult
921 1160 1112 1242 Principum
1143 1161 1288 1244 gloriosa
1311 1166 1467 1248 martyrio
1484 1167 1533 1230 sol·

306 1227 397 1269 'Um
658 1261 782 1327 lemnia
818 1283 921 1346 quum
953 1265 1083 1326 romani
1109 1263 1289 1331 Pontifices
1323 1266 1356 1330 in
1385 1268 1530 1333 Vaticana

315 1280 351 1330 18
381 1317 386 1329 .

312 1294 420 1445 &ism
447 1223 634 1544 ἓᾝῃΙΞΙΞ
657 1365 794 1430 basilica
810 1367 1035 1444 celebrabant,
1045 1367 1110 1432 hoc
1122 1367 1185 1432 iuit
1195 1373 1299 1436 veteri
1311 1377 1532 1438 consuetudine

290 1475 318 1510 '⁶
329 1462 421 1576 m
656 1472 877 1552 institutoque
893 1479 1075 1552 receptum,
1090 1481 1127 1536 ut
1144 1473 1216 1554 ipsi,
1237 1485 1271 1540 et
1291 1487 1369 1540 ante
1385 1497 1532 1542 sacrarum

313 1591 420 1656 Ponufi-
449 1581 646 1662 religionum
663 1576 773 1642 officia
788 1585 822 1638 et
838 1575 877 1637 iis
897 1576 1051 1656 peractis,
1067 1584 1158 1639 serta
1185 1581 1352 1660 quaedam
1382 1581 1533 1664 Apostoli·

353 1675 419 1718 cum,
447 1703 506 1747 cae
524 1668 621 1748 Sedis
637 1682 709 1744 iura
724 1697 786 1761 pro
802 1686 971 1760 potestate
987 1688 1175 1744 assererent
1189 1690 1223 1745 et
1240 1683 1457 1750 vindicarent
1472 1686 1532 1769 Qua

344 1845 347 1850 .
447 1788 480 1851 in
492 1808 526 1850 re
542 1785 746 1869 praestanda
762 1791 942 1864 utrumque
957 1782 1060 1845 etiam
1075 1783 1236 1848 Pontifex
1254 1786 1457 1867 declarabat,
1471 1801 1534 1852 tem·

441 1901 505 1972 pus
519 1901 550 1952 et
564 1899 707 1970 tempora
723 1907 785 1949 non
801 1884 969 1948 deverrere
993 1883 1028 1948 in
1043 1885 1276 1951 detrimentum
1304 1891 1431 1955 iurium
1454 1891 1533 1956 Sedis

445 1995 653 2077 Apostolrcae,
667 2001 763 2074 atque
781 1989 870 2054 nihil
889 2011 922 2053 se
952 1989 987 2053 in
1017 1990 1183 2054 beatorum
1204 1993 1434 2076 Apostolorum
1453 1995 1534 2059 Petri

443 2110 475 2162 et
486 2099 594 2163 Pauli
598 2096 801 2180 patrimonio
811 2095 982 2159 asserendo
992 2105 1025 2158 et
1039 2095 1252 2163 vindicando,
1268 2149 1275 2164 .
1292 2149 1299 2164 .
1311 2101 1360 2163 ad
1370 2112 1533 2166 extremum

445 2225 543 2286 usque
570 2201 726 2285 spiritum
744 2199 1069 2283 praetermissurum.
1085 2237 1129 2249 -
1147 2201 1301 2268 Iamvero
1329 2205 1448 2284 Nobis,
1469 2213 1532 2288 post

268 2325 387 2402 Poqttfix
443 2317 616 2390 acceptam
633 2305 798 2389 proximis
814 2305 905 2368 hisce
934 2303 1106 2368 mensibus
1131 2303 1273 2372 effusam
1304 2310 1531 2392 gratulantium

295 2399 417 2521 222⁶&
443 2409 586 2474 filiorum
603 2409 842 2473 salutationem
869 2408 1107 2488 impertitaque
1122 2409 1170 2472 eis
1186 2411 1393 2485 documenta
1410 2413 1532 2486 virtutis,

291 2524 415 2585 Apostolo-
442 2521 731 2596 peropportunum
744 2511 853 2574 visum
870 2519 931 2587 est,
944 2512 1047 2574 sacris
1060 2511 1186 2576 eisdem
1199 2513 1422 2580 sollemnibus
1433 2535 1533 2598 prope-

346 2603 413 2648 ’Μ’
442 2617 531 2680 diem
548 2615 775 2692 redeuntibus,
791 2613 934 2677 similem
951 2616 1134 2697 quamdam
1162 2635 1200 2680 ac
1217 2615 1424 2684 Decessores
1444 2638 1532 2701 expo-

441 2721 669 2798 stulationem,
685 2738 828 2802 eamque
844 2719 952 2782 multo
964 2719 1101 2800 quidem
1129 2721 1376 2802 gravissimam,
1392 2725 1436 2788 ad
1449 2725 1533 2786 ratio

300 2853 327 2902 g,
342 2853 415 2903 Sep,
441 2845 500 2888 nes
516 2825 660 2888 tuendas
676 2822 896 2906 Apostolicae
910 2820 1010 2886 Sedis
1026 2843 1207 2906 veramque
1224 2828 1354 2890 romani
1375 2826 1531 2892 Pontificis

255 2918 414 3031 {pavium
441 2927 629 2991 libertatem
646 2927 894 3004 vindicandam,
907 2928 939 2989 in
954 2927 1017 2990 hoc
1028 2927 1237 3010 amplissimo
1253 2950 1414 2996 consessu
1427 2941 1532 3004 vestro,

270 2991 414 3099 ditm
439 3031 601 3096 hodiema
616 3031 840 3114 die,proierre.
856 3032 985 3114 ltaque,
1000 3033 1067 3096 alia
1078 3031 1168 3098 nulla
1182 3035 1329 3116 permoti
1343 3055 1471 3114 caussa,
1481 3033 1532 3099 nisi

263 3131 279 3163 ‘¹
295 3115 413 3230 epm
439 3136 642 3200 iureiurandi
659 3135 829 3225 religione,
845 3137 992 3200 iustitiae
1015 3137 1178 3214 custodid,
1195 3137 1371 3202 Ecclesiae
1396 3141 1531 3208 caritate,

438 3262 497 3305 vos
514 3261 634 3319 rursus,
645 3239 866 3305 Venerabiles
884 3240 1028 3311 Fratres,
1043 3241 1136 3303 omni
1160 3242 1263 3305 animi
1280 3243 1473 3308 constantia
1495 3253 1533 3305 te·

438 3345 672 3424 stamur,velle
689 3346 771 3424 Nos,
793 3365 854 3408 nec
871 3364 952 3407 sane
976 3363 1043 3408 non
1061 3345 1094 3408 id
1112 3345 1197 3409 velle
1213 3346 1282 3410 ullo
1299 3357 1402 3428 pacto
1429 3365 1532 3431 possu-

438 3470 522 3528 mus,
537 3448 622 3512 velle
638 3449 740 3532 igitur
756 3456 789 3511 et
802 3449 1005 3512 contendere
1018 3457 1056 3512 ut
1067 3449 1139 3513 iura
1153 3451 1242 3513 beati
1253 3450 1352 3527 Petri,
1364 3470 1532 3535 quaecum-

437 3572 502 3636 que
518 3563 595 3617 sunt
610 3553 717 3616 Nobis
729 3551 930 3628 concredita,
941 3553 1080 3616 omnino
1093 3553 1185 3618 salva
1197 3564 1430 3635 permaneant,
1441 3554 1532 3621 firma.

278 3647 411 3766 'bem
436 3657 574 3738 integra,
590 3657 877 3738 quemadmodum
906 3655 1048 3720 decursu
1072 3666 1221 3720 aetatum
1252 3657 1431 3720 constituit
1448 3657 1531 3719 Deus

436 3761 737 3844 providentissime.
754 3759 938 3823 Fateantur
955 3758 1105 3840 proiecto
1121 3769 1256 3842 oportet
1268 3761 1326 3842 qui
1340 3772 1431 3825 recte
1447 3757 1529 3823 intel·

437 3866 552 3950 ligant,
564 3885 624 3948 per
639 3884 678 3928 ea
706 3864 777 3928 iura
792 3873 827 3927 et
842 3863 931 3927 bona
957 3863 1092 3927 iuissea
1108 3864 1185 3927 Deo
1200 3873 1272 3929 tum
1302 3875 1459 3951 paratum
1477 3864 1530 3926 Ec·

435 3971 557 4034 clesiae
569 3968 771 4052 praesidium
788 3968 964 4052 dignitatis
991 3966 1222 4062 libertatisque
1242 3989 1322 4032 suae
1338 3969 1370 4031 in
1385 3967 1526 4052 gentium

356 4126 359 4135 .
436 4077 647 4160 procuranda
662 4073 781 4152 salute,
795 4082 868 4137 tum
891 4073 973 4155 ipsis
995 4073 1153 4155 gentibus
1178 4073 1330 4136 additam
1362 4075 1527 4137 certiorem

436 4181 577 4245 tutelam
608 4180 641 4244 in
666 4199 726 4244 sua
756 4197 833 4243 cum
864 4195 998 4242 summo
1015 4187 1150 4260 pastore
1173 4177 1329 4242 habenda
1353 4175 1528 4242 officiorum

257 4296 405 4360 ergalium.
434 4283 682 4350 vicissitudine:
698 4281 927 4346 emolumenta
938 4291 1111 4366 praeterea
1123 4281 1278 4364 publicae
1288 4281 1373 4346 inter
1383 4281 1528 4346 nationes
