3250 4888
26 3938 130 4039 s

170 3735 174 3740 ·
210 3725 354 3783 preponun-

132 3917 214 3936 ΜἯ.

407 307 476 358 ιιο
529 303 709 357 ansnona
728 303 939 358 aucucurca
958 295 980 324 ‘⁴
1000 307 1161 361 uacuas
1179 309 1245 363 out
1264 310 1418 365 uarats.
1434 291 1451 318 ''

218 453 220 463 ⁴
259 475 377 548 unaue
399 461 441 524 ad
459 457 581 536 Deum,
595 456 734 540 eiusque
748 457 859 520 ouius
871 457 1079 523 maiestatem
1105 460 1314 540 immensam,
1330 461 1500 544 imperinm

257 543 378 652 1322?ss
398 565 431 628 in
448 564 571 639 omnia,
594 579 761 626 summam
792 560 989 643 potentiam,
1018 564 1229 646 sapientiam,
1259 565 1501 648 providentiam

270 668 304 746 ru·
318 666 374 716 Ver·
398 667 496 732 discit
517 675 630 730 mente
655 673 690 728 et
714 663 827 728 animo
844 663 984 728 revereri
1003 689 1011 728 :
1029 663 1163 732 Credere
1177 666 1264 730 enim
1289 676 1501 750 oportetacce-

273 746 375 858 nm,
397 771 523 836 deunm
546 768 596 833 ad
611 769 720 832 Deum
742 768 823 852 quia
844 779 900 846 est,
923 779 956 833 et
980 769 1221 852 inquirentibus
1235 793 1268 836 se
1281 783 1504 837 remunerator

397 877 443 940 sit
457 875 511 958 (¹).
532 862 702 957 Quoniam
727 856 827 957 porro
853 881 1009 940 aeternus
1030 873 1095 938 Dei
1124 875 1229 940 Filius
1259 876 1501 942 humanitatem

397 979 553 1062 suscepit,
568 975 803 1062 praeluxitque
819 978 916 1043 nobis
931 988 964 1042 et
980 980 1076 1043 adest
1092 979 1183 1044 velut
1197 979 1260 1060 via,
1275 982 1408 1061 veritas,
1429 983 1504 1059 vita,

398 1085 521 1150 idcirco
536 1081 620 1147 fides
635 1091 751 1174 nostra
765 1092 936 1164 praeterea
955 1083 1200 1165 complectatur
1215 1105 1350 1150 necesse
1366 1097 1418 1152 est
1434 1085 1502 1150 Tri·

398 1189 512 1253 nitatis
527 1185 715 1252 divinarum
732 1205 948 1268 personarum
965 1197 1129 1269 augustae
1145 1197 1179 1253 et
1196 1189 1377 1273 Unigenae
1399 1190 1504 1281 Patris

396 1291 542 1357 hominis
554 1290 633 1356 sacti
652 1290 720 1356 alta
737 1292 917 1374 mysteria:
939 1291 1032 1356 Haec
1041 1280 1090 1356 est
1103 1293 1175 1358 vita
1189 1303 1329 1374 aeterne,
1345 1305 1384 1360 ut
1396 1315 1504 1378 cogne-

397 1405 490 1462 scant
503 1405 541 1474 te,
560 1396 664 1460 selum
686 1395 796 1460 Deum
811 1416 935 1473 ererum,
956 1405 989 1460 et
1017 1417 1111 1480 quem
1136 1397 1262 1462 mesisti
1282 1397 1394 1463 Iesum
1413 1397 1503 1464 Clari·

246 1505 374 1570 quaervi-
397 1511 484 1565 snam
511 1500 564 1584 (²).
596 1502 783 1584 Permagno
810 1501 946 1582 quidem
967 1500 1132 1566 beneficio
1158 1502 1298 1567 donavit
1323 1523 1385 1566 nos
1412 1501 1503 1567 Deus

226 1577 374 1686 rmum
398 1623 501 1687 quum
526 1601 592 1668 fide
615 1602 678 1670 hac
700 1613 817 1668 sancta
842 1603 1112 1670 donavitzcuius
1138 1624 1276 1670 munere
1301 1625 1368 1670 non
1395 1606 1502 1671 solum

241 1700 372 1778 resmecte'.
396 1727 497 1791 supra
516 1707 664 1774 humana
694 1707 862 1790 erigimur,
891 1719 1065 1790 tamquam
1082 1709 1309 1791 speculatores
1334 1707 1446 1775 effecti
1473 1719 1504 1774 et

248 1773 376 1882 fem
396 1819 568 1878 consortes
583 1811 716 1876 divinae
740 1821 888 1889 naturae,
903 1811 962 1876 sed
979 1810 1141 1876 habemus
1157 1812 1222 1877 hoc
1248 1812 1393 1896 amplius
1410 1832 1502 1877 caus·

223 1897 336 1948 celestia.
397 1935 469 1979 sam
486 1914 686 1998 praestantis
702 1916 810 1980 meriti
826 1917 870 1979 ad
891 1915 1043 1996 praemia
1061 1913 1218 1981 caelestia
1233 1936 1242 1996 3
1258 1925 1502 1999 proptereaque

397 2037 473 2101 spes
489 2027 603 2082 nostra
618 2017 717 2082 alitur
740 2027 774 2082 et
789 2015 1015 2094 confirmatur,
1031 2015 1100 2081 iore
1121 2017 1306 2100 aliquando
1328 2027 1365 2082 ut
1382 2017 1503 2092 Deum,

397 2141 464 2185 non
487 2121 554 2184 iam
580 2139 640 2204 per
662 2119 880 2186 adumbratas
898 2138 1007 2184 rerum
1038 2121 1211 2203 imagines,
1238 2120 1296 2185 sed
1325 2132 1444 2203 aperto
1471 2121 1501 2184 in

400 2227 524 2291 lumine
548 2224 724 2310 contingat
751 2227 871 2290 intueri
887 2225 997 2310 ipsum
1025 2226 1166 2309 ipsoque
1193 2225 1256 2290 frui
1272 2224 1393 2289 ultimo
1415 2225 1503 2289 bono

295 2347 374 2397 letam
399 2340 604 2414 perpetuum.
628 2331 677 2394 At
693 2349 772 2394 vero
787 2329 988 2394 christianus
1003 2328 1106 2394 homo
1122 2338 1193 2395 tam
1209 2329 1309 2394 variis
1325 2329 1503 2394 distinetur

221 2412 374 2528 „uss'ffi
396 2437 484 2502 vitae
498 2435 586 2498 euris
600 2443 737 2517 tamque
764 2441 925 2517 evagatur
947 2433 1044 2498 iacile
1060 2434 1102 2498 ad
1130 2433 1224 2512 levia,
1239 2443 1286 2514 ut,
1302 2434 1365 2498 nisi
1388 2435 1503 2499 crebra

244 2543 370 2604 eunucu,
393 2538 581 2604 admonitio
602 2547 779 2614 succurrat,
794 2557 882 2622 quae
914 2539 1065 2602 maxima
1089 2547 1123 2602 et
1151 2538 1398 2620 pernecessaria
1425 2548 1502 2602 sunt

245 2609 373 2738 QZ
392 2643 561 2708 oblivione
572 2641 664 2706 lenta
679 2641 839 2720 dediscat,
855 2641 901 2707 ob
910 2662 1053 2726 eamque
1064 2662 1216 2707 caussam
1234 2643 1304 2707 eius
1320 2643 1502 2726 oblangue·

218 2739 373 2855 ”mm
393 2758 463 2812 scat
478 2757 581 2831 atque
596 2747 696 2812 etiam
713 2746 891 2811 intercidat
915 2745 1007 2812 fides.
1025 2745 1122 2829 Quae
1138 2745 1238 2811 nimis
1261 2765 1385 2830 magna
1410 2747 1503 2830 igno·

218 2871 338 2920 Eccusta.
393 2852 520 2918 tantiae
536 2849 682 2933 pericula
698 2860 734 2914 ut
750 2847 856 2914 afiliis
866 2851 935 2915 suis
953 2850 1103 2914 Ecclesia
1114 2851 1301 2934 prohibeat,
1313 2849 1406 2914 nulla
1422 2869 1503 2914 sane

219 2935 372 3065 Ηαᾌξξξ
392 2953 585 3037 vigilantiae
600 2952 859 3036 diligentiaeque
875 2953 1113 3035 praetermittit
1129 2953 1279 3030 consilia,
1295 2973 1409 3037 neque
1426 2952 1502 3018 ulti·

232 3073 289 3116 rum
305 3067 368 3116 ense-
392 3074 484 3120 mum
501 3063 551 3117 est
563 3051 640 3117 fidei
656 3053 890 3118 adiumentum
906 3054 996 3136 quod
1013 3073 1058 3118 ex
1082 3053 1210 3118 mariali
1228 3055 1372 3118 Rosario
1388 3062 1503 3136 petere

230 3137 368 3196 ‘’m'‘
390 3157 571 3224 consuevit.
597 3155 732 3239 Quippe
762 3157 795 3220 in
826 3175 875 3234 eo,
905 3175 982 3220 cum
1010 3155 1234 3240 pulcherrima
1263 3157 1501 3238 fructuoseque

216 3205 369 3324 rilem
389 3277 486 3343 prece
501 3267 593 3322 certo
609 3257 726 3324 ordine
752 3257 958 3336 continuata,
974 3258 1151 3323 recolenda
1168 3260 1353 3324 succedunt
1369 3269 1405 3323 et
1421 3276 1501 3323 con-

216 3329 367 3457 ᾳᾚζῖξ.
388 3363 584 3448 templanda
599 3363 778 3445 praecipua
794 3361 963 3445 religionis
990 3373 1124 3426 nostrae
1148 3363 1335 3444 mysteria:
1351 3361 1409 3426 illa
1437 3361 1501 3445 pri·

212 3457 298 3522 genis
312 3475 366 3510 nes.
389 3487 481 3533 mum
502 3465 625 3550 quibus
656 3465 795 3552 Verbum
811 3466 1025 3546 rarefactum
1040 3475 1096 3544 est,
1117 3475 1151 3530 et
1168 3465 1285 3544 Maria,
1307 3466 1401 3550 virgo
1417 3465 1501 3530 inte·

215 3530 366 3638 remp·
388 3589 448 3654 gra
463 3578 497 3634 et
510 3579 624 3644 mater,
637 3577 788 3632 materna
810 3567 857 3632 illi
873 3565 1109 3634 officiasancto
1126 3589 1203 3632 curn
1219 3570 1344 3651 gaudio
1361 3569 1501 3652 praesti·

214 3654 358 3717 “mm‘'
387 3673 430 3738 tit
443 3695 450 3752 ;
462 3684 534 3738 tum
551 3671 675 3738 Christi
685 3670 830 3735 dolentis
846 3673 1082 3756 aegritudines,
1097 3673 1272 3752 cruciatus,
1288 3673 1501 3756 supplicium,

213 3791 266 3837 rur.
386 3793 529 3858 quorum
545 3773 661 3865 pretio*
676 3773 763 3838 salus
784 3773 916 3856 generis
947 3775 1051 3839 nostri
1068 3783 1223 3858 peracta3
1250 3785 1322 3841 tum
1348 3775 1500 3839 eiusdem

386 3876 487 3960 plena
502 3878 628 3960 gloriae
645 3877 813 3960 mysteria,
838 3879 931 3942 etde
947 3888 1055 3942 morte
1071 3878 1270 3962 triumphus,
1291 3891 1325 3944 et
1341 3897 1500 3944 ascensus

387 3984 419 4044 in
436 3981 575 4059 caelum,
589 3992 624 4073 et
641 3979 806 4046 demissus
829 3980 907 4046 inde
930 3982 1063 4046 divinus
1081 3981 1234 4065 Spiritus,
1250 3991 1351 4066 atque
1369 3981 1499 4046 Mariae

386 4085 549 4150 sideribus
565 4093 719 4167 receptae
735 4082 913 4166 splendida
931 4071 1105 4164 claritudo,
1124 4086 1269 4170 denique
1291 4105 1367 4151 cum
1390 4085 1499 4169 gloria

387 4188 506 4252 Matris
530 4195 564 4251 et
585 4185 661 4251 Filii
677 4187 871 4253 consociata
895 4187 1052 4254 caelitum
1073 4189 1224 4254 omnium
1248 4189 1353 4274 gloria
1374 4189 1498 4271 sempi-

390 4293 407 4300 ”
416 4331 436 4364 1.
450 4315 534 4368 Hebe„
549 4325 587 4368 xl,
600 4317 621 4362 a
634 4339 665 4350 -
680 4330 701 4362 2.
715 4317 892 4372 Ioann.,xvt1,
906 4331 927 4376 3.
