3250 4888
252 297 302 346 nu
330 297 527 348 nocemus
554 299 583 348 s.
613 297 775 350 snounu
803 297 844 347 ru
874 282 1079 348 socioso.
1134 281 1217 362 '141

112 456 170 511 aut
195 446 316 510 nullius
333 450 517 512 momenti:
542 428 696 526 alterum,
712 459 748 512 ut
774 449 837 512 sibi
864 447 1080 511 interdictum
1105 439 1223 510 eriisti·
1289 469 1353 556 quc

112 558 206 612 ment
221 551 375 613 recedere
391 571 410 612 a
435 550 469 615 S.
485 551 619 615 Thoma
643 552 677 614 in
696 551 890 632 praecipuis,
906 562 937 612 et
956 567 1038 631 quae
1052 559 1221 631 tamquam
1287 569 1360 630 1892.

103 655 367 732 fundamentum
383 668 463 722 surct
477 658 619 722 aliorum
630 658 784 741 plurium
795 658 846 740 (1).
856 695 899 706 —
912 657 999 720 [llud
1013 666 1220 738 postremum
1244 686 1274 745 3⁰
1291 683 1369 732 Miris·

36 805 38 809 .
111 759 143 820 in
162 780 230 840 quo
246 762 289 824 ab
305 783 346 824 eo
362 763 436 844 ipso
452 764 615 846 magistro
631 783 697 826 non
715 773 841 825 temere
858 763 901 824 sit
918 762 1104 838 dissentire,
1117 781 1219 843 quum
1246 749 1377 862 ifgf‘sfd·

111 861 269 926 videlicet
284 863 398 946 aliqua
413 866 587 930 doctrinae
606 865 724 941 forma,
743 865 931 929 sententiae
952 865 1023 926 eius
1047 865 1223 940 contraria,
1247 879 1328 955 ceneta
1346 881 1371 929 st
1398 949 1403 959 Ι

111 965 145 1026 iu
162 966 327 1030 catholicis
341 969 520 1032 academiis
535 969 603 1032 sere
619 973 661 1032 sit
679 979 800 1051 recepta
817 969 869 1051 (²),
887 988 995 1051 neque
1012 976 1064 1031 est
1075 987 1222 1030 comme·
1247 944 1400 1071 mam?

111 1073 312 1133 morandum
329 1073 487 1153 quidem:
504 1093 649 1154 namque
666 1072 861 1136 academiae
878 1071 962 1135 tales
980 1081 1091 1135 aetate
1109 1080 1222 1132 nostra
1241 1074 1373 1154 suerrum

111 1185 330 1237 numerantur
346 1195 484 1256 paucae,
507 1195 568 1237 nec
595 1175 662 1238 ulia
679 1195 789 1256 prope
801 1176 833 1236 in
850 1175 907 1250 eis,
924 1175 950 1236 si
968 1175 1045 1238 huic
1074 1174 1221 1255 Aposto-
1247 1141 1383 1257 {fffflfffi

111 1273 194 1338 licae
224 1275 303 1340 Sedi
332 1279 471 1341 audiant
500 1278 601 1354 dicto,
631 1277 783 1340 obtinere
812 1287 924 1360 potest
953 1279 1106 1340 doctrina
1136 1297 1222 1358 quae
1240 1271 1371 1398 ξενία·

111 1380 306 1442 adversetur
335 1381 510 1464 Angelico,
538 1383 631 1444 cuius
660 1385 764 1445 immo
793 1378 941 1464 vestigiis
969 1402 1004 1444 se
1031 1403 1158 1457 omnes,
1184 1389 1222 1444 ut
1240 1375 1359 1466 janium

111 1483 247 1562 debent,
263 1485 415 1549 insistere
430 1486 637 1567 profitentur.
664 1484 778 1550 Satius
801 1487 900 1550 suerit
925 1506 1061 1548 auream
1089 1497 1221 1548 senten·
1248 1470 1397 1584 fffsafs‘jg'ff

110 1587 192 1650 tiam
219 1589 378 1668 excitare,
399 1611 465 1672 qua
490 1611 529 1652 ea
553 1592 627 1672 ipsa
655 1591 743 1652 iussa
771 1591 813 1654 ad
840 1590 971 1654 exitum
998 1589 1222 1652 roborantur:
1248 1600 1401 1680 Suasoris

113 1689 272 1770 Ceterum,
290 1715 327 1756 ac
347 1694 436 1772 forte
451 1716 491 1758 ccc
506 1696 556 1771 iis,
571 1716 654 1777 quae
668 1689 755 1756 dicta
770 1704 855 1770 sunt,
871 1704 984 1757 sucnat
996 1695 1120 1776 aliquis
1139 1715 1221 1758 occa·
1247 1671 1382 1794 fiij-{22⁶7

108 1795 232 1858 sionem
244 1796 279 1860 S.
297 1797 328 1858 T
323 1798 437 1860 homae
447 1799 629 1861 doctrinam
637 1799 743 1878 facile
753 1798 930 1874 deserendi,
936 1797 1222 1880 praescribendum
1243 1799 1387 1912 pgooiatrV

111 1898 250 1977 uidetur,
267 1911 305 1962 ut
320 1903 430 1964 nullus
451 1903 499 1964 ad
518 1901 693 1966 docendum
721 1901 913 1984 theologiam
938 1913 1139 1978 assumatur,
1164 1901 1225 1984 qui
1247 1878 1352 1992 „iffi
1368 1947 1400 1979 ex

111 2021 174 2063 non
190 2003 237 2064 sit
252 2025 324 2066 uere
341 2005 376 2069 S.
400 2006 431 2068 Τ
427 2008 540 2070 Itomae
562 2007 728 2069 doctrinae
742 2007 933 2082 sardiosus,·
956 2007 1104 2088 quivero
1126 2006 1166 2069 ab
1188 2027 1222 2068 eo
1245 1995 1400 2110 mm

109 2119 190 2170 suut
205 2111 315 2188 alieni,
328 2113 458 2175 omnino
475 2123 710 2177 remorarentur.
727 2113 820 2176 Nam
836 2113 896 2195 qui
909 2135 947 2175 cx
961 2113 1072 2174 animo
1086 2111 1122 2175 S.
1140 2111 1220 2174 Tito·
1247 2132 1332 2174 sumac
1343 2129 1370 2176 S.
1387 2194 1392 2205 Ι

110 2233 184 2274 mac
192 2213 329 2292 suen‘nt
353 2217 486 2293 addicti,
511 2226 634 2280 certum
658 2217 730 2292 erit,
756 2238 805 2280 cas
829 2215 871 2280 ab
894 2237 928 2279 eo
955 2237 1017 2278 non
1038 2236 1222 2294 recessuros,
1247 2190 1400 2321 Zmdffl

111 2314 182 2376 nisi
191 2328 335 2396 grauate
348 2319 525 2382 admodum
542 2331 573 2382 et
588 2319 760 2383 rarissime
775 2317 825 2402 (3).
850 2321 1001 2402 Utraque
1021 2319 1102 2382 haec
1119 2319 1222 2400 probe
1246 2323 1381 2374 deserendi.

109 2423 341 2498 expendenda
357 2425 517 2489 conditi0.
547 2425 583 2489 Si
608 2427 696 2487 enirn
722 2445 788 2486 non
807 2426 839 2487 id
869 2425 966 2486 liceat
995 2425 1057 2485 nisi
1079 2434 1223 2505 grauate

108 2523 299 2604 adurodum,
317 2547 416 2590 nemo
432 2549 513 2590 sane
530 2527 639 2590 iacere
656 2530 742 2591 ausit
760 2528 926 2610 probabili
944 2538 1076 2591 tantum
1094 2549 1222 2606 caussa,

109 2629 169 2688 sed
195 2631 392 2707 gravissima
416 2631 592 2706 adductus
608 2633 764 2712 ipsasque
790 2632 876 2693 inter
900 2631 1075 2711 opiniones
1102 2634 1221 2710 proba·

108 2729 195 2791 biles
213 2731 367 2794 maluerit
384 2754 456 2796 esse
472 2755 548 2796 cum
567 2733 599 2798 S.
620 2734 763 2810 Thoma,
780 2745 816 2796 ut
838 2753 912 2795 eam
930 2743 1127 2814 assequatur
1142 2736 1220 2796 doe·

108 2835 234 2897 trinam
252 2847 285 2898 et
302 2838 500 2916 uniformem
517 2848 550 2900 et
567 2859 713 2900 recurram
730 2858 816 2919 quae
832 2838 923 2899 dicta
940 2847 998 2900 est.
1024 2836 1125 2918 Quod
1143 2859 1221 2901 vero

108 2957 177 3000 non
197 2941 229 3000 id
248 2939 346 3004 liceat
373 2942 435 3003 nisi
464 2942 645 3018 rarissime,
662 2945 725 3004 hoc
751 2943 776 3003 si
795 2952 883 3004 recte
901 2961 944 3004 ex
968 2962 1028 3004 sua
1053 2944 1220 3006 sententia

107 3042 304 3120 accipiatur,
321 3045 367 3106 ita
384 3045 541 3108 nimirum
559 3056 595 3108 ut
624 3066 690 3108 non
709 3046 750 3107 ad
778 3065 896 3106 omnes
913 3045 1066 3106 universe
1082 3057 1220 3126 spectet,

106 3143 168 3206 sed
186 3146 230 3207 ad
247 3148 425 3227 opiniones
448 3151 535 3212 inter
558 3151 714 3211 doctores
731 3148 914 3211 catholicos
938 3149 1083 3229 agitatas
1111 3150 1219 3211 restri-

104 3246 240 3326 ctisque
256 3249 304 3310 eis
320 3250 431 3313 modis
448 3271 533 3332 quos
551 3251 652 3334 paulo
669 3271 770 3331 supra
788 3251 989 3326 notavimus,
1007 3271 1071 3312 non
1091 3253 1220 3314 accidet

105 3370 192 3413 sane
206 3363 240 3414 ut
258 3354 423 3435 quispiam
438 3375 457 3418 a
474 3356 628 3418 doctrina
647 3354 680 3418 S.
699 3356 852 3418 Thomae
864 3355 1007 3428 recedat,
1022 3355 1082 3416 nisi
1102 3355 1137 3418 iu
1154 3376 1220 3418 cena

105 3453 162 3516 vel
175 3454 283 3518 altera
296 3459 501 3535 conclusione,
512 3479 574 3522 non
587 3459 728 3521 alicuius
743 3457 906 3534 moruenti,
916 3477 1128 3538 nequaquam
1142 3479 1220 3521 vero

106 3559 142 3620 in
152 3559 343 3648 praecipuis
358 3571 389 3623 ct
403 3583 485 3643 quac
500 3572 669 3645 tamquam
679 3562 940 3641 fundamentum
952 3569 1032 3622 surct
1043 3560 1220 3623 multorum

100 3661 264 3742 plurium.

152 3765 267 3847 Quam
304 3771 523 3849 exposuimus
554 3771 743 3833 studiorum
776 3769 938 3831 rationem
971 3769 1013 3830 de
1046 3767 1219 3830 doetrinae
1246 3775 1395 3851 Senatorum

103 3870 242 3933 delectu
278 3871 444 3951 habendo,
468 3893 506 3936 ea
535 3875 635 3955 plane
660 3882 712 3936 est
739 3893 840 3955 quam
871 3873 1021 3938 Societas
1051 3873 1148 3950 IESU,
1175 3873 1217 3934 ad
1244 3848 1396 3954 Empe

102 3975 316 4055 praescripta
333 3976 458 4056 legiferi
473 3978 592 4052 Patris,
607 3977 755 4039 alumnis
772 3977 838 4038 suis
851 3977 1008 4040 omnibus
1022 3974 1220 4057 praefinivit,
1236 3973 1302 4036 Jesu
1313 3973 1395 4020 aliem-

138 4187 160 4220 1.
182 4175 218 4220 Eu
229 4175 268 4220 eit.
282 4175 324 4219 litt.
342 4176 365 4219 P.
378 4176 405 4222 C.
420 4177 551 4234 Aquaviva,
567 4177 631 4221 1611.

136 4259 159 4290 2.
183 4245 281 4302 Congu,
295 4253 318 4294 v,
333 4245 397 4290 decr.
410 4258 446 4301 41.

137 4327 161 4373 3.
182 4313 226 4366 lt..
241 4323 265 4366 v,
275 4313 338 4357 decr.
354 4314 389 4371 5⁶·
