3296 4886
282 307 332 358 DE
360 309 579 360 ERECTIONE
605 309 841 362 DlOECESIUM
870 311 911 360 IN
940 310 1126 362 BRASILIA.
1206 294 1250 362 61

144 453 178 516 in
208 453 274 518 Dei
299 455 406 540 gloria
436 459 686 541 promovenda;
720 456 921 522 confidimus
948 467 1125 540 propterea
1159 459 1254 522 novis
1346 493 1377 540 η

143 555 325 641 Episcopis
356 578 433 622 eum
465 579 531 622 non
575 559 779 638 defuturum,
806 559 992 642 iisdemque
1023 559 1188 624 auxilium
1221 570 1254 624 et
1287 539 1424 656 “ffssss's

145 657 378 724 adiumentum
405 659 475 724 fore
500 662 747 744 praestiturum,
772 669 810 724 ut
836 661 997 744 pastorali
1023 681 1159 726 munere
1191 664 1254 746 ipsi
1281 705 1341 756 dem
1367 709 1434 759 Bra-

143 761 298 845 perfungi
326 772 360 827 et
383 764 619 848 Episcopalem
641 765 841 848 dignitatem
858 765 1017 829 decenter
1044 765 1254 830 valeantser·
1281 773 1408 823 silianum

147 885 234 929 vare.
247 867 294 930 Et
306 869 465 950 quoniam
478 870 710 952 maximopere
726 869 873 947 interest,
895 879 932 934 ut
960 879 1133 952 tamquam
1147 871 1255 936 olivae
1279 839 1402 954 {mom

146 966 336 1032 fructiferae
349 971 382 1034 in
394 971 518 1038 Christi
530 971 669 1036 Domini
680 973 768 1056 agris
781 981 973 1037 constanter
983 992 1044 1056 pro
1055 992 1256 1057 unaquaque
1277 967 1421 1099 {2:¹5aess

143 1071 301 1136 Dioecesi
318 1075 414 1158 probi
434 1077 593 1159 doctique
608 1086 767 1158 parentur
789 1076 979 1158 Presbyteri
1004 1095 1142 1160 operam
1159 1097 1253 1142 accu·
1316 1125 1348 1172 J„
1363 1143 1415 1176 una

143 1187 216 1240 rate
246 1181 399 1244 navaturi
430 1191 502 1246 tum
540 1181 663 1244 divinis
701 1179 817 1245 officiis
848 1190 883 1244 et
912 1180 1155 1258 ecclesiasticis,
1182 1191 1254 1246 tum
1282 1193 1434 1268 quaqyedi-

142 1281 333 1348 animarum
345 1265 578 1362 aedificationi,
595 1294 818 1367 aeternaeque
830 1285 961 1349 illarum
977 1284 1087 1362 saluti,
1102 1285 1256 1350 iubemus
1278 1269 1367 1382 22⁶3,
1377 1273 1434 1374 ἕξ,

142 1383 270 1449 idcirco
301 1387 391 1468 quod
423 1388 457 1451 in
491 1408 691 1472 unaquaque
721 1389 875 1464 dioecesi,
902 1407 977 1452 cum
1009 1389 1154 1470 primum
1186 1387 1256 1452 fieri
1275 1387 1424 1515 agmen

141 1492 278 1570 poterit,
289 1491 479 1574 episcopale
506 1493 652 1575 erigatur
677 1491 911 1570 Seminarium,
927 1501 1029 1575 atque
1055 1493 1089 1567 in
1105 1493 1256 1558 alumno·
1283 1515 1397 1567 sentina·
1424 1493 1432 1516 '

144 1611 219 1656 rum
251 1615 421 1660 sacrorum
459 1596 671 1678 disciplinam
700 1603 734 1660 et
764 1595 951 1680 profectum
975 1597 1085 1660 omnis
1116 1617 1196 1662 cura
1222 1609 1256 1662 et
1282 1597 1433 1700 ζὲᾝηζὲζ

140 1696 319 1778 vigilantia
346 1701 389 1763 ab
415 1700 592 1782 Episcopis
619 1699 808 1764 conferatur
822 1721 830 1779 ;
854 1701 886 1762 in
911 1720 979 1781 quo
994 1701 1207 1783 excipiantur
1222 1709 1257 1765 et
1282 1713 1353 1790 tinae
1387 1718 1433 1780 Sy-

140 1800 364 1866 instituantur
380 1805 478 1867 iuxta
497 1803 715 1868 Tridentinae
733 1803 866 1887 Synodi
886 1805 1090 1886 praescripta
1106 1805 1127 1867 ii
1144 1805 1256 1868 adole·
1282 1780 1433 1908 J'ssfflm'

138 1915 283 1981 scentes,
300 1925 384 1988 quos
410 1907 569 1990 Episcopi
587 1927 630 1970 ex
651 1909 805 1989 propriae
830 1907 1003 1970 Dioecesis
1033 1908 1179 1972 utilitate
1202 1908 1255 1974 vel

140 2007 344 2070 necessitate
368 2010 558 2073 censuerint
595 2030 668 2073 esse
689 2010 929 2074 admittendos.
955 2009 1065 2091 Ipsius
1087 2011 1255 2074 seminarii
1284 2013 1435 2132 nimiis

141 2109 317 2190 Rectores,
334 2123 367 2178 et
385 2113 590 2177 Professores
608 2113 651 2178 ab
666 2115 784 2178 eodem
800 2115 971 2196 Episcopo
987 2114 1090 2178 libere
1105 2115 1257 2180 nomina·
1283 2144 1434 2207 etprosesso·

141 2214 281 2294 buntur,
311 2227 346 2280 et
376 2218 653 2300 quotiescumque
684 2219 906 2282 necessarium
935 2219 986 2280 vel
1006 2218 1087 2282 utile
1118 2219 1161 2283 ab
1184 2221 1257 2302 ipso
1284 2210 1404 2339 2252,

139 2319 354 2399 iudicabitur,
382 2322 648 2390 removebuntur.
678 2320 900 2403 Summopere
926 2329 1038 2383 autem
1058 2319 1129 2384 Nos
1153 2333 1258 2404 urget,
1284 2345 1377 2388 ,rutum
1396 2359 1433 2392 as-

139 2431 180 2485 ut
191 2421 286 2487 Sacri
310 2425 493 2489 Antistites
520 2425 672 2489 sedulam
700 2437 824 2490 navent
845 2445 993 2508 operam,
1018 2445 1085 2507 quo
1102 2426 1257 2490 iuventus
1283 2407 1436 2524 mm?

139 2525 175 2588 in
204 2546 299 2608 spem
329 2541 362 2592 et
390 2529 423 2591 in
449 2529 691 2592 incrementum
720 2528 890 2592 Ecclesiae
922 2527 1137 2604 instituenda,
1163 2549 1257 2591 sacra
1316 2569 1416 2621 Doara.

139 2630 299 2694 doctrina
325 2652 369 2694 ex
398 2618 554 2714 Angelici
580 2631 737 2694 Doctoris
761 2631 910 2694 fontibus
932 2631 1053 2694 hausta
1065 2631 1256 2724 imbuatur3
1283 2635 1432 2752 3084·qu-

139 2752 187 2795 ex
208 2733 435 2798 voluminibus
459 2737 548 2798 enim
575 2735 609 2800 S.
625 2733 778 2797 Thomae
803 2742 895 2796 eruet
922 2733 1009 2796 unde
1037 2733 1256 2796 fundamenta
1284 2715 1433 2817 ,ffja'ss-,s

141 2835 219 2898 fidei
237 2837 439 2902 christianae
448 2839 560 2903 valide
577 2839 797 2915 demonstret,
813 2838 970 2901 veritates
985 2836 1255 2920 supernaturales
1281 2832 1411 2884 tradatur,

138 2941 352 3020 persuadeat,
373 2941 518 3004 nefarios
546 2941 694 3004 hostium
724 2942 868 3024 impetus
897 2939 1094 3023 areligione
1118 2941 1256 3002 sanctis·
1317 2949 1433 3014 AbEpi-

139 3043 228 3106 sima
252 3044 434 3125 propulset.
460 3045 664 3108 Demumea
680 3045 804 3120 omnia,
829 3062 914 3125 quae
940 3045 982 3108 ad
1012 3044 1189 3109 Seminarii
1207 3063 1255 3107 re·
1281 3019 1434 3130 {2⁰32ssssssss

138 3149 266 3232 gimen,
292 3151 547 3230 ordinationem,
565 3151 852 3234 gubernationem,
868 3161 901 3214 et
927 3152 1253 3216 administrationem
1276 3144 1432 3260 {wlf}

138 3254 321 3335 pertinent,
346 3275 365 3317 a
394 3254 605 3319 Dioecesano
631 3255 797 3318 Antistite
823 3255 920 3318 unice
953 3257 1099 3336 pendere
1133 3256 1254 3318 debere
1283 3277 1402 3336 regimen,

138 3358 387 3440 praecipimus;
414 3359 471 3441 qui
502 3359 638 3440 quidem
656 3359 809 3422 Antistes
841 3377 936 3420 suam
950 3358 1088 3422 liberam
1102 3359 1252 3441 plenam·
1281 3340 1434 3456 ,mffi’f‘

138 3459 208 3544 que
235 3461 467 3528 auctoritatem
493 3465 593 3526 etius
621 3465 654 3526 in
671 3483 711 3527 eo
728 3462 911 3527 exercebit.
937 3463 1095 3528 Liberum
1122 3465 1256 3547 insuper
1281 3473 1435 3522 turalumni

137 3569 184 3632 sit
212 3567 390 3650 Episcopis
415 3568 457 3632 ad
488 3577 613 3632 statum
640 3567 826 3632 clericalem
854 3577 888 3631 et
909 3568 952 3631 ad
977 3587 1087 3631 sacros
1121 3570 1255 3634 ordines
1280 3535 1436 3662 ffdffid

138 3673 327 3736 secundum
355 3673 597 3737 ecclesiasticos
622 3693 767 3736 canones
795 3692 1001 3754 promovere,
1026 3692 1111 3755 quos
1140 3693 1252 3738 neces·
1280 3682 1410 3782 Jgffmn·

139 3775 249 3836 sarios
274 3785 332 3837 aut
356 3774 455 3839 utiles
482 3796 562 3839 suae
598 3775 754 3838 Dioecesi
785 3774 817 3836 in
850 3775 1000 3838 Domino
1026 3775 1254 3856 iudicaverint,
1334 3847 1431 3898 conr·-

139 3889 177 3943 et
194 3897 386 3944 econverso
401 3901 486 3966 quos
499 3881 655 3963 indignos
668 3881 719 3944 vel
734 3881 865 3962 ineptos
887 3882 1078 3961 putaverint
1095 3901 1114 3944 a
1143 3901 1253 3946 susce·
1281 3919 1340 3962 m„
1368 3866 1432 3978 1522.

140 3985 262 4066 ptionc
284 3985 439 4050 ordinum
462 4006 581 4050 arcere.
600 3987 717 4068 Usque
733 3986 813 4048 dum
825 4005 904 4048 vero
919 4005 1026 4050 novus
1047 4005 1139 4048 sacer
1155 3985 1254 4052 Anti·
1279 3987 1364 4093 m
1378 3981 1433 4093 (gij

139 4099 215 4150 stes
243 4087 275 4149 in
300 4088 434 4170 propria
458 4088 651 4153 Cathedrali
672 4089 770 4152 Aede
795 4087 978 4151 cathedrali
1006 4107 1067 4151 suo
1096 4087 1253 4170 Capitulo
1281 4109 1402 4170 saltarios,

141 4189 430 4266 careat,Vicari0s
443 4193 658 4268 consiliarios,
678 4192 977 4256 administrationis
990 4211 1069 4254 suae
1086 4193 1255 4257 adiutores
1283 4176 1432 4304 uam?

139 4293 329 4358 constituat
354 4295 441 4360 viros
462 4296 702 4361 ecclesiasticos
733 4295 915 4378 prudentes
951 4315 990 4358 ac
1015 4295 1147 4376 probos,
1163 4315 1257 4378 'quos
1283 4311 1374 4355 carcat.
