3250 4888
258 277 308 326 DE
335 276 531 328 DOCTRINA
559 277 588 329 S.
618 277 780 327 THOMAE
808 278 849 354 iil
878 278 955 330 SOC.
987 279 1083 331 IESU.
1156 273 1223 348 135

120 425 304 489 catholicos
332 426 417 488 inter
434 426 588 490 doctores
614 428 724 488 minus
747 429 925 492 conveniat
944 431 1008 494 :In
1025 427 1230 510 opinionibus
1294 451 1358 538 ἧος

121 529 233 606 etiam,
247 529 282 592 iu
298 527 415 610 quibus
428 529 580 594 catholici
596 530 736 593 doctores
762 530 898 595 vomant
914 533 1002 595 inter
1021 553 1054 596 sc
1079 531 1134 595 ool
1159 551 1229 595 con·
1299 550 1372 614 1892.

124 633 229 696 trarii
241 645 326 713 sunt,
345 644 382 698 ut
391 636 604 714 conformitas
620 635 654 698 in
672 633 830 698 Societate
843 637 898 714 s'it,
911 635 1095 700 curandum
1117 645 1166 698 ost
1179 632 1229 716 (1).
1256 675 1311 712 rum
1322 666 1407 732 dem,

19 808 21 811 ,
125 735 273 820 Quando
289 740 378 804 enim
396 761 413 804 e
429 742 503 823 lege
531 739 629 803 unius
653 739 819 821 scriptoris
842 740 990 804 doctrino
1022 739 1056 803 in
1073 737 1231 803 Sociototo
1257 729 1375 806 aetornum
1459 787 1465 798 .

119 843 270 924 elopenda
286 853 334 906 ost
347 844 400 926 (²),
411 845 489 908 ideo
504 864 563 926 per
578 865 614 906 se
630 853 779 926 apparet,
795 843 970 926 opiniones
984 844 1063 908 item
1081 842 1228 924 disputa·
1256 799 1388 912 {iiiiii

122 953 175 1008 tas
192 954 225 1007 et
241 945 462 1027 disputabiles
481 967 521 1011 eo
542 949 616 1030 ipso
641 947 848 1030 praescripto
879 946 1052 1025 contineri,
1067 964 1169 1028 quum
1194 946 1227 1007 in
1255 926 1406 1044 §ffffim

119 1049 297 1112 sententiis
311 1051 556 1128 communibus,
569 1071 782 1133 quocumque
801 1051 937 1114 demum
966 1057 1147 1130 praeeunte
1171 1067 1227 1110 au·
1255 1061 1294 1104 rer
1307 1075 1338 1108 se.

120 1157 221 1228 ctore,
237 1152 317 1215 nihil
336 1155 377 1217 de
394 1154 466 1236 ipsa
491 1156 642 1219 doctrina
668 1155 799 1218 accidat
830 1157 1055 1218 immutatum.
1071 1190 1114 1200 -
1132 1151 1227 1214 Haec

120 1276 202 1319 vero
219 1255 333 1338 legifer
351 1259 457 1336 Pater,
473 1260 614 1342 provida
627 1271 740 1324 mente
751 1269 785 1323 et
801 1269 927 1336 sancta,
937 1259 980 1322 ad
996 1256 1116 1320 altiora
1127 1273 1227 1338 quae-

119 1360 199 1423 dam
227 1360 361 1438 direxit,
377 1372 414 1426 ut
444 1363 671 1426 coniunctioni
697 1364 963 1446 concordiaeque
994 1371 1028 1425 et
1053 1361 1227 1424 universae
1297 1425 1393 1474 nacon

121 1464 217 1545 quasi
254 1467 401 1548 corporis
433 1466 612 1532 Societatis
638 1475 672 1530 et
703 1467 793 1530 varia
835 1467 922 1530 inter
963 1467 1033 1529 eius
1077 1463 1226 1528 membra
1253 1455 1404 1539 cordiam·

121 1570 326 1650 prospiceret
340 1594 346 1633 :
358 1590 443 1652 quae
455 1571 595 1634 virtutes
608 1579 736 1653 quanto
752 1570 861 1652 magis
871 1569 1078 1633 necessariae
1095 1567 1226 1632 suntad
1253 1556 1405 1681 {zffilios

120 1669 266 1754 religiosi
295 1674 456 1737 fervorem
474 1676 609 1757 spiritus
638 1676 851 1739 nutriendum
869 1675 1124 1755 ubertatemque
1140 1671 1225 1734 salu·
1253 1687 1406 1752 suosugvfir

122 1775 245 1838 tarium
271 1777 436 1842 fructuum
463 1780 678 1862 gignendam,
705 1789 802 1843 tanto
837 1779 966 1842 facilius
1005 1777 1038 1838 in
1064 1775 1226 1838 varietate
1252 1751 1403 1880 Ἐφ’

122 1879 320 1960 opinionum
338 1883 498 1966 languent
526 1893 627 1965 atque
653 1885 829 1960 intereunt,
857 1903 961 1964 quum
986 1881 1226 1944 dissimilitudo

120 1982 288 2048 sentiendi
305 1986 563 2050 disiunctionem
580 1989 712 2070 saepius
726 1987 826 2052 faciat
842 1988 1030 2051 animorum
1048 2009 1055 2050 ε
1070 1984 1230 2049 quotod

120 2085 271 2150 unionem
298 2089 514 2154 membrorum
542 2092 640 2156 huius
657 2091 830 2156 Societatis
851 2092 938 2154 inter
958 2113 992 2154 sc
1011 2101 1042 2152 ot
1065 2111 1137 2153 cum
1167 2111 1226 2152 suo

118 2188 221 2268 capite
224 2238 305 2254 ......
322 2191 435 2302 coptam
451 2194 600 2258 doctrino
616 2195 669 2277 (³).
687 2196 742 2259 Ad
761 2216 836 2260 eum
854 2197 954 2278 igitur
978 2195 1224 2276 assequendum

118 2296 317 2360 concordiae
334 2309 367 2360 et
380 2301 531 2364 caritatis
542 2302 679 2365 modurn
693 2321 792 2383 quem
808 2300 969 2366 Societati
980 2300 1224 2384 praestituerat,

120 2397 249 2478 optime
262 2400 346 2466 vidit
365 2402 518 2485 ignatius
535 2405 633 2469 Pater
649 2405 909 2489 haudquaquam
924 2405 1005 2468 satis
1021 2425 1093 2468 esse
1109 2405 1222 2486 vulga-

117 2508 188 2562 tam
205 2501 452 2588 probatamque
482 2508 641 2590 regulam,
657 2509 832 2590 opiniones
848 2509 997 2590 dispares
1020 2505 1222 2581 tolerandas,
1330 2589 1334 2599 Ι

115 2605 301 2670 secundum
319 2607 410 2684 illud,
426 2609 588 2675 indubiis
609 2611 751 2687 libertas,
766 2614 825 2677 sed
853 2613 1076 2676 necessarium
1092 2613 1222 2694 opinio·
1248 2669 1263 2716 q
1281 2588 1399 2648 Q'‘'“‘''''

1265 2669 1295 2700 ιιι
1311 2654 1389 2704 Socie-

116 2726 176 2769 nes
186 2707 270 2772 tales
283 2713 420 2776 minime
431 2712 545 2777 haberi
563 2717 596 2778 in
609 2715 788 2794 Societate‚
800 2737 923 2800 easque
939 2718 1086 2798 praecise
1096 2717 1139 2780 ab
1150 2717 1222 2799 ipsa
1248 2719 1299 2766 ¹⁰¹5
1308 2719 1352 2766 oar

115 2811 294 2892 prohibuit.
310 2852 352 2862 -
369 2815 422 2878 Ne
439 2818 491 2880 cui
508 2838 586 2880 vero
602 2819 665 2882 hoc
684 2819 728 2882 de
751 2819 908 2884 uniformi
924 2821 1076 2884 doctrina
1089 2841 1221 2903 praece·
1248 2800 1398 2912 {iiiiii}

115 2921 212 2995 ptum
229 2927 360 2998 saperet
385 2919 507 2997 durius,
523 2923 612 2985 idem
630 2933 727 2986 caute
739 2924 916 3003 consuluit,
932 2935 967 2989 ut
984 2924 1108 2990 sodalis
1132 2925 1220 3006 quis·
1244 2921 1290 2977 μ’
1310 2915 1398 2964 “mm'‘

115 3035 191 3098 que,
203 3019 397 3102 priusquam
414 3043 487 3086 sese
499 3035 653 3088 votorum
671 3026 831 3108 religione
841 3029 1074 3112 obstringeret,
1089 3048 1220 3110 rogare·
1247 2995 1303 3040 rrae,

114 3130 179 3198 tur,
194 3121 288 3185 Num
297 3135 441 3206 paratus
455 3128 501 3190 sit
515 3129 564 3192 od
584 3128 741 3192 iudicium
758 3151 853 3192 sunm
870 3131 1136 3209 submittendum,
1151 3153 1220 3194 son·

115 3223 324 3310 tiendumquo
339 3239 377 3292 ut
377 3231 490 3310 fuerit
503 3233 712 3296 coustitutum
732 3233 767 3296 in
785 3233 943 3296 Sociototo
959 3231 1002 3314 (4)
1016 3256 1023 3295 ε
1039 3251 1107 3314 quo
1118 3232 1220 3294 modo

114 3329 183 3391 iarn
200 3338 271 3393 tum
288 3333 382 3414 optio
393 3335 492 3398 datur
508 3336 580 3400 eius
596 3337 642 3399 rei
652 3335 826 3418 eligendae
842 3355 937 3418 quae,
954 3353 998 3397 ex
1009 3334 1083 3416 lege
1099 3335 1221 3398 deinde

115 3430 284 3512 imposita,
299 3437 358 3500 vix
375 3438 557 3502 tolerabilis
573 3441 680 3522 possit
694 3440 807 3503 videri.
1180 3443 1184 3452 '

164 3537 283 3620 Itaque
300 3540 399 3624 longe
415 3543 561 3606 alienum
580 3543 677 3608 fuerit
694 3563 714 3606 a
730 3553 850 3608 natura
866 3533 1065 3624 scriptisque
1092 3541 1222 3625 legibus
1249 3589 1292 3624 nec
1302 3574 1359 3624 ticet
1374 3575 1402 3624 a·

118 3637 309 3721 Societatis,
326 3655 362 3708 ut
375 3647 449 3728 quis
465 3649 498 3710 in
516 3667 555 3710 ea
574 3647 677 3711 talem
709 3647 870 3730 opinandi
902 3646 1095 3710 facultatem
1118 3666 1223 3729 expo·
1249 3642 1390 3718 conorari-¹

117 3753 191 3806 scat
207 3746 297 3826 quali
314 3759 413 3814 extra
428 3769 502 3814 eam
518 3750 667 3833 plerique
683 3751 863 3834 potiantur.
877 3750 1041 3836 Quamvis
1066 3751 1155 3814 enirn
1181 3752 1224 3814 de
1250 3714 1400 3820 iiiiii}

115 3847 332 3928 opinionibus
349 3854 611 3936 agereturvalde
622 3855 852 3937 probabilibus
869 3865 971 3938 atque
981 3856 1099 3919 doctos
1116 3855 1223 3918 nactis
1248 3837 1358 3952 ζεζζὸαὼ

115 3961 286 4033 patronos,
302 3975 388 4038 quae
404 3967 517 4022 tamen
535 3958 708 4021 doctrinae
721 3958 966 4040 refragarentur
988 3957 1222 4042 praescriptae,

115 4075 174 4118 eas
190 4058 246 4138 qui
262 4071 487 4142 sequerentur,
504 4061 797 4143 reprehensionem
814 4063 950 4145 quidem
972 4062 1118 4126 vitarent
1130 4062 1222 4125 novi·

148 4213 168 4246 1.
190 4201 278 4255 court..
292 4217 314 4262 p.
331 4215 368 4258 ιιι,
387 4219 406 4252 c.
429 4216 445 4258 ι,
466 4207 526 4254 decl.
541 4208 570 4254 Ο.
583 4231 612 4240 -
627 4220 648 4252 2.
664 4209 752 4260 const..
767 4222 789 4266 p.
803 4218 861 4260 vnr,
875 4222 894 4254 e
907 4219 923 4260 ι,
934 4209 981 4254 litt.
994 4209 1026 4254 K.
1040 4233 1070 4242 -
1087 4195 1183 4267 congr„
1197 4217 1222 4261 ι,

115 4269 181 4316 decr.
195 4269 231 4328 5⁶·
244 4295 274 4305 -
284 4286 304 4332 ³·
321 4275 409 4326 Conse,
422 4288 444 4334 p.
456 4285 481 4327 x.
495 4277 538 4332 ⁵9·
551 4299 581 4309 -
595 4289 616 4334 4
630 4276 729 4328 Eram..
742 4289 762 4322 c.
775 4285 814 4326 ιιι.
827 4274 887 4332 511.
