3250 4888
245 295 429 346 urrsroun
458 283 478 312 ‘¹
497 295 651 358 Quaero
669 297 849 350 nauuuue
869 299 1052 349 saacuuo,
1075 277 1092 302 '’
1158 298 1221 348 101

112 451 244 534 spernit
257 457 316 512 aut
327 451 418 530 parvi
432 449 588 516 aestimat
600 461 747 516 ceterum
759 472 864 535 genus
877 479 884 518 ε
898 456 1003 518 immo
1013 475 1091 518 vero
1104 474 1229 536 magna
1252 476 1402 534 versaretis,

110 554 293 619 voluntate
305 553 415 617 favere
427 552 656 637 honoremque
672 575 804 639 semper
816 557 938 621 habere
949 560 1123 623 consuevit
1136 578 1227 640 egre·
1254 547 1387 654 {mas

112 659 171 742 gie
186 659 230 723 de
242 657 331 722 civili
344 657 520 721 hominum
534 654 769 719 coniunctione
781 657 907 720 meritis
920 666 1021 739 atque
1032 658 1228 722 immortali·
1254 671 1343 748 magni
1366 687 1405 748 ag-

112 772 223 828 tatem
255 761 345 844 apud
363 771 514 844 posteros
538 760 735 824 consecutis.
764 759 941 823 Mirabilis
956 761 1045 824 enim
1077 759 1169 824 Deus
1183 771 1231 824 cst
1254 743 1396 852 mg?

113 866 270 930 maxime
286 864 322 928 in
336 863 459 928 sanctis
472 863 544 928 suis
556 885 568 928 .·
583 863 641 926 sed
658 861 791 926 divinae
806 864 937 928 virtutis
954 865 1024 928 eius
1040 864 1074 926 in
1092 864 1131 928 iis
1147 885 1228 947 quo·
1254 867 1325 944 signi
1339 866 1406 944 inga-

112 988 182 1052 que
194 975 360 1052 apparent
387 966 549 1048 impressa
569 965 720 1046 vestigia,
737 963 770 1028 in
788 965 908 1047 quibus
925 967 1055 1032 eluceat
1066 967 1114 1030 vis
1127 987 1227 1051 quae·
1255 932 1405 1046 xm?

113 1072 195 1134 dam
213 1071 318 1136 animi
332 1091 370 1135 ac
384 1070 505 1136 mentis
518 1069 698 1146 excellens,
710 1070 788 1152 quia
801 1090 869 1134 uon
883 1071 1018 1136 aliunde
1028 1073 1062 1136 in
1075 1071 1228 1136 homines
1255 1063 1320 1177 212³
1317 1063 1396 1178 ’π’

114 1173 233 1238 lumen
248 1174 378 1256 ingenii
394 1183 496 1256 atque
511 1173 689 1237 excelsitas
702 1173 815 1251 animi,
830 1175 894 1240 nisi
910 1197 931 1240 a
945 1187 1084 1261 parente
1100 1186 1134 1241 et
1153 1197 1228 1259 pro·
1248 1195 1383 1258 junctum·

115 1289 272 1344 creatore
289 1279 365 1343 Deo
381 1277 643 1360 proficiscuntur.
1192 1307 1197 1318 ·
1250 1259 1352 1373 m*

163 1381 233 1448 Sed
251 1393 424 1464 praeterea
440 1381 505 1446 alia
520 1391 571 1446 est
586 1401 714 1458 caussa,
730 1383 915 1467 eademque
932 1404 1066 1466 prorsus
1083 1383 1228 1468 singula·
1288 1405 1382 1468 singu.

113 1489 170 1564 ris,
205 1487 427 1572 quamobrem
459 1490 673 1553 recolendum
702 1489 799 1554 nobis
831 1493 972 1555 memori
1004 1492 1229 1576 gratulatione
1255 1469 1407 1584 fflsff‘

113 1602 278 1674 putemus
293 1591 484 1656 immortale
500 1592 636 1657 sactum.
654 1592 822 1659 Nimirum
836 1594 1021 1661 Columbus
1038 1608 1152 1662 noster
1163 1607 1230 1661 est:
1257 1601 1405 1650 Colunbum

113 1697 396 1781 quandoquidem
407 1697 433 1760 si
445 1698 615 1780 paulisper
624 1708 795 1780 spectetur
807 1719 873 1780 qua
886 1701 1100 1782 potissimum
1111 1720 1228 1765 caussa
1251 1667 1406 1796 {mmuh

114 1799 296 1865 consilium
313 1801 402 1882 cepit
418 1801 619 1867 tenebrosum
631 1824 723 1868 mare
737 1804 942 1887 conquirere,
956 1812 990 1867 et
1007 1823 1073 1886 qua
1100 1805 1229 1867 ratione
1254 1813 1307 1911 m·
1338 1813 1394 1912 'gg‘

111 1903 294 1968 consilium
311 1915 452 1968 conatus
469 1916 519 1970 est
531 1909 664 1991 exequi,
672 1907 818 1973 dubitari
832 1927 898 1970 non
913 1917 1034 1989 potest,
1047 1907 1226 1990 plurimum
1252 1928 1384 1991 praecipue

112 2009 149 2071 iu
167 2027 204 2070 re
220 2007 434 2090 suscipienda
449 2009 720 2094 perficiendaque
732 2005 881 2094 potuisse
898 2011 998 2076 fidem
1015 2011 1228 2085 catholicam,
1255 1993 1389 2107 mffr

113 2113 164 2175 ita
180 2120 304 2176 utnon
322 2131 440 2194 parum
456 2113 521 2179 hoc
546 2116 648 2180 etiam
674 2117 811 2180 nomine
827 2117 1018 2181 universum
1050 2115 1226 2181 hominum
1254 2124 1404 2188 rasconrui·

111 2235 223 2298 genus
239 2215 363 2280 debeat
380 2216 561 2283 Ecclesiae.
1254 2189 1352 2238 rmdas.

160 2320 281 2384 Fortes
297 2321 434 2404 quidem
452 2331 553 2406 atque
576 2323 788 2403 experientes
804 2322 874 2400 viri,
890 2342 966 2387 cum
983 2333 1062 2388 ante
1078 2322 1226 2389 Christo·
1275 2335 1407 2386 Nonnulli

111 2425 261 2507 phorum
279 2424 483 2491 Columbum
500 2436 572 2490 tum
586 2434 712 2507 postea,
729 2435 946 2490 numerantur
962 2447 1027 2490 non
1046 2428 1153 2510 pauci,
1168 2427 1226 2510 qui
1253 2403 1404 2532 mg}

111 2527 261 2611 ignotas,
271 2539 384 2605 terras,
398 2529 565 2612 ignotiora
579 2530 683 2593 maria
700 2530 860 2613 pertinaci
871 2531 985 2595 studio
999 2533 1227 2614 exquisierint.
1253 2534 1351 2611 agapus
1362 2504 1402 2583 ex:

110 2629 271 2713 Quorum
283 2633 478 2696 memoriam
498 2631 586 2697 lama
614 2632 799 2710 hominum,
819 2633 1057 2699 beneficiorum
1090 2655 1226 2712 memor,
1252 2605 1403 2724 mm

110 2735 187 2798 iure
199 2735 784 2820 praedicat,praedicabit,propterea
796 2739 888 2822 quod
900 2738 1227 2822 scientiarumatque
1252 2745 1338 2844 {mhi
1361 2746 1402 2778 'a‘

109 2839 337 2904 humanitatis
355 2860 582 2923 propagavere
605 2837 697 2918 fines,
719 2860 1002 2924 communemque
1024 2843 1225 2925 prosperita·
1251 2811 1364 2909 dmm

110 2953 187 3005 tem
199 2961 338 3006 auxere:
354 2943 457 3027 idque
467 2963 534 3008 non
552 2945 616 3008 levi
629 2946 778 3028 negotio,
792 2945 850 3009 sed
867 2965 926 3029 per
937 2965 1104 3010 summam
1122 2949 1226 3011 animi

111 3047 379 3123 contentionem,
394 3067 455 3112 nec
472 3067 547 3113 raro
568 3067 627 3132 per
642 3069 775 3113 summa
792 3049 1007 3132 pericula-
1024 3049 1087 3114 Est
1104 3063 1226 3128 tamen,
1285 3077 1320 3125 ln
1356 3075 1402 3125 co-

111 3151 207 3234 quod
235 3150 297 3214 hos
314 3151 401 3214 inter
431 3161 532 3234 atque
556 3171 644 3230 eum,
659 3153 702 3216 de
717 3173 785 3236 quo
816 3153 992 3234 loquimur,
1022 3173 1226 3236 magnopere
1251 3141 1402 3255 rmqero

112 3253 260 3320 differat.
275 3253 444 3319 Videlicet
471 3255 553 3320 haec
581 3257 760 3339 praecipue
787 3267 868 3320 nota
885 3255 1089 3320 Columbum
1108 3257 1226 3322 distin·
1251 3222 1381 3336 2132·an

111 3358 199 3442 guit,
214 3359 304 3441 quod
321 3358 513 3423 emetiendo
535 3361 810 3442 remetiendoque
826 3361 990 3423 immensa
1007 3357 1135 3423 Oceani
1151 3381 1226 3442 spa·
1251 3338 1402 3452 2ζὲξένὲ-

112 3463 173 3538 tia,
190 3463 298 3526 mains
313 3463 476 3546 quiddam
491 3473 593 3546 atque
620 3462 720 3526 altius
736 3483 836 3546 quarn
854 3463 965 3538 ceteri,
981 3463 1128 3543 petebat.
1147 3463 1225 3526 Non
1252 3467 1328 3516 luisse
1348 3482 1402 3515 con·

113 3567 208 3651 quod
225 3565 306 3630 nihil
333 3567 389 3630 ille
407 3577 596 3632 moveretur
619 3567 857 3631 honestissima
887 3566 1075 3648 cupiditate
1091 3567 1228 3644 sciendi,
1251 3539 1308 3582 ‘'a''

113 3669 270 3752 beneque
285 3671 329 3734 de
344 3670 522 3734 hominum
539 3671 700 3734 societate
716 3669 866 3734 merendi
879 3693 886 3750 ;
900 3690 960 3733 nec
977 3671 1068 3752 quod
1085 3669 1226 3760 gloriam

112 3783 355 3851 contemneret,
370 3775 464 3839 cuius
480 3773 624 3838 acriores
635 3773 667 3836 in
686 3773 816 3854 magnis
831 3774 1022 3857 pectoribus
1035 3773 1143 3837 solent
1156 3791 1229 3838 esse

114 3893 257 3952 morsus,
274 3889 332 3942 aut
348 3897 441 3960 spem
459 3879 644 3944 utilitatum
661 3897 796 3941 suarum
813 3876 964 3942 funditus
979 3887 1228 3960 aspernaretur:

111 3999 232 4046 verum
249 3999 329 4064 prae
346 3981 397 4046 his
418 3982 574 4046 humanis
599 3981 783 4047 rationibus
801 3983 963 4047 universis
994 3983 1095 4065 longe
1111 3983 1143 4046 in
1170 3981 1227 4047 illo

112 4087 204 4152 ratio
220 4084 325 4149 valuit
343 4086 513 4170 religionis
530 4088 650 4163 avitae,
667 4089 792 4170 quippe
809 4108 895 4170 quae
914 4088 986 4151 sine
1003 4085 1071 4150 ulla
1091 4087 1228 4151 dubita-

111 4193 211 4257 tione
237 4201 272 4255 et
288 4209 362 4255 eam
390 4202 538 4256 mentem
563 4192 839 4275 voluntatemque
868 4192 996 4256 homini
1013 4189 1116 4269 dedit,
1132 4199 1166 4256 et
1192 4189 1226 4254 in

2 4343 3 4348 η
110 4295 260 4360 summis
273 4313 375 4378 saepe
391 4293 643 4360 difficultatibus
659 4296 884 4360 constantiam
901 4316 977 4360 curn
995 4295 1116 4360 solatio
1131 4315 1225 4379 prae·
