3216 4880
412 291 482 360 34²
767 292 888 340 runnx
917 291 1168 342 amanuncus.

410 437 560 506 Evangelii
573 437 724 494 informata
737 459 745 503 ;
758 441 787 494 in
801 441 956 509 pernIcIem
970 455 1036 494 vero
1049 439 1114 508 ruit,
1128 450 1259 493 recusato
1270 439 1420 494 Ecclesiae
1429 439 1501 494 ductu

408 527 468 586 246.
482 555 516 564 -
530 526 711 582 Concludens
727 527 855 581 Pontifex
865 543 917 580 sua
927 527 963 580 de
973 527 1111 581 societate
1119 524 1193 579 civili
1204 527 1323 594 monita,
1336 525 1503 579 commendat

409 613 534 668 nefarios
547 615 677 668 homines
690 616 831 683 vitandos,
845 618 985 670 bonorum
994 616 1099 670 civium
1108 615 1203 670 officia
1212 613 1504 684 implendapraestan·

409 702 534 771 damque
547 703 633 758 fidem
647 703 822 772 principibus
836 704 873 758 ob
887 704 973 758 fidem
988 706 1051 757 Deo
1065 704 1191 759 debitam
1208 703 1267 768 246.
1281 729 1317 740 ·-
1331 708 1360 756 2ο
1375 703 1418 756 De
1430 702 1504 756 socie·

409 797 468 843 tate
481 790 640 845 domestica
651 791 710 860 jam
723 802 858 860 tractans,
871 793 986 860 exponit
1000 807 1082 846 sacra
1094 791 1247 862 conjugum
1261 790 1366 856 officia,
1379 803 1407 844 et
1420 805 1503 843 curam

409 895 495 946 quam
510 891 643 948 parentes
656 879 809 933 liberorum
832 879 1002 934 institutioni
1023 881 1190 948 impendere
1209 881 1317 932 debent
1337 879 1461 943 246-247.
1479 905 1505 916 -

411 965 552 1020 Caveatur
564 984 582 1020 a
595 967 701 1020 scholis
715 967 842 1033 religioni
856 967 1029 1026 christianae
1042 969 1267 1033 adversantibus,
1281 977 1331 1020 aut
1344 967 1435 1036 ipsam
1448 967 1506 1020 nihil

409 1055 574 1108 curantibus
584 1068 643 1119 247.
654 1055 742 1108 —Ad
756 1057 897 1109 humanas
911 1057 1020 1109 litteras
1030 1055 1192 1126 pariterque
1201 1055 1238 1108 ad
1253 1053 1415 1109 divinarum
1428 1071 1507 1108 rerum

409 1140 602 1207 cognitionem
627 1141 797 1196 informandi
824 1151 889 1196 sunt
915 1143 993 1210 pueri
1016 1152 1045 1196 et
1063 1142 1183 1209 juvenes
1203 1155 1263 1208 247.
1279 1142 1445 1211 —Optimo
1457 1143 1509 1210 jure

411 1227 541 1282 Ecclesia
555 1229 702 1282 cautiones
716 1229 769 1282 sibi
784 1229 909 1282 vindicat
923 1233 960 1282 de
971 1245 1054 1283 sacra
1066 1228 1281 1284 iustitutionem
1293 1231 1401 1284 scholis
1409 1231 1506 1283 trader·

409 1313 447 1366 da
461 1328 520 1378 247.
541 1345 575 1354 -
590 1317 728 1368 Doctrina
742 1332 823 1368 sacra
836 1316 915 1384 pueri
930 1315 957 1368 in
977 1317 1106 1370 ecclesiis
1117 1315 1443 1384 praecipueimbuantnr
1454 1331 1507 1382 247.

409 1429 445 1439 -
457 1409 485 1468 3⁰
502 1405 545 1454 De
555 1402 655 1456 ordine
668 1403 800 1458 clericali.
811 1404 852 1457 Ut
862 1405 971 1456 muneri
983 1421 1034 1457 suo
1044 1421 1096 1472 par
1106 1405 1142 1457 sit
1151 1405 1251 1470 clerus,
1261 1405 1384 1458 excellat
1393 1403 1507 1458 doctrina

409 1497 437 1540 et
450 1488 602 1542 sanctitate
616 1490 740 1555 247-248.
755 1519 789 1528 -·
804 1489 903 1543 Clerus
916 1490 1085 1543 adolescens
1099 1489 1163 1543 ideo
1177 1489 1205 1542 in
1220 1489 1400 1556 SemInariis‚
1419 1501 1506 1542 nostro

409 1576 575 1642 praesertIm
595 1586 730 1643 tempore,
744 1588 856 1644 oportet
870 1577 994 1630 maxima
1006 1593 1073 1630 cura
1087 1575 1253 1630 informetur
1272 1577 1310 1630 ad
1323 1576 1472 1630 scientiam
1485 1589 1508 1626 er

408 1663 541 1718 virtutem
555 1667 615 1729 248.
629 1696 664 1704 —-
679 1667 813 1734 Magistri
832 1665 972 1719 rationem
987 1667 1145 1736 studiorum
1155 1675 1269 1720 teneant
1279 1681 1296 1720 a
1307 1666 1336 1720 S.
1352 1665 1427 1720 Sede
1440 1679 1509 1732 prae·

386 1805 390 1810 .
408 1751 544 1820 scriptam
559 1755 618 1819 248.
632 1785 665 1794 -
680 1755 857 1824 Disciplinae
870 1757 1065 1809 moderatores
1076 1765 1207 1824 satagant
1221 1757 1356 1808 alumnos
1370 1753 1508 1808 virtutibus

409 1839 536 1894 imbuere
550 1861 623 1910 quae
645 1843 824 1898 sacerdotem
844 1845 947 1898 decent
961 1863 968 1910 ;
991 1861 1098 1915 eosque
1111 1844 1236 1898 doceant
1249 1843 1433 1912 prudentiam
1446 1843 1471 1896 in
1481 1839 1508 1893 iis

409 1927 583 1992 attingendis
597 1947 671 2000 quae
693 1931 783 1986 civilis
804 1933 860 1984 sint
874 1931 1025 1998 potestatis
1040 1931 1100 1996 248.
1117 1960 1150 1970 -
1164 1929 1249 1984 Clero
1270 1939 1370 1983 autem
1391 1929 1437 1999 qui
1456 1927 1508 1996 jaro

408 2015 566 2070 ministerio
580 2037 661 2072 sacro
673 2019 808 2087 fungitur,
822 2021 992 2089 praebeatur
1004 2036 1060 2088 quo
1073 2033 1176 2072 vacare
1195 2017 1286 2088 possit
1300 2017 1400 2072 studio
1418 2013 1509 2071 doctri·

410 2121 465 2159 nae
476 2117 505 2159 et
522 2108 654 2176 proprIae
673 2109 856 2178 perfectionis
880 2111 1010 2176 248249.
1025 2139 1059 2146 -
1071 2113 1101 2173 4⁰
1117 2109 1161 2161 De
1181 2107 1302 2162 caritate
1325 2107 1402 2161 inter
1423 2119 1511 2160 ornnes
1575 2177 1576 2182 ἵ

410 2196 523 2250 ordines
537 2199 686 2252 servanda.
703 2201 800 2254 Solum
817 2200 943 2254 caritatis
966 2199 1109 2253 vinculum
1129 2197 1223 2250 firmat
1236 2195 1362 2250 familias
1382 2213 1418 2250 ac
1429 2191 1512 2249 civita·

410 2291 461 2348 tes‚
475 2285 632 2354 meritaque
645 2286 753 2339 confert
767 2287 939 2340 christianae
951 2283 1100 2354 dignitatis
1114 2298 1176 2350 249.
1187 2313 1222 2322 -
1236 2284 1384 2338 Memorat
1396 2281 1511 2336 Pontifex

411 2385 563 2444 praecepta
576 2377 702 2432 caritatis
719 2377 806 2446 jarna
819 2395 851 2432 se
868 2378 974 2432 tradita
987 2377 1016 2430 in
1029 2375 1131 2430 litteris
1144 2375 1181 2429 de
1193 2374 1362 2430 conditione
1382 2374 1511 2442 opiticum,

411 2461 569 2532 iterumque
582 2467 765 2519 commendat
777 2467 972 2533 promovenda
985 2464 1115 2518 instituta
1124 2461 1275 2528 cathoIIca‚
1289 2461 1427 2516 sodalitia
1440 2459 1512 2514 artifi-

410 2565 475 2604 cum
488 2561 516 2604 et
536 2562 634 2606 mutuo
647 2555 846 2616 opitrrlaotium
861 2553 1090 2608 consociationes
1115 2565 1173 2616 249.
1197 2577 1232 2586 —
1256 2551 1284 2602 II
1313 2549 1389 2604 Pars
1411 2549 1447 2603 ad
1467 2547 1511 2602 sin·

410 2639 492 2706 gulas
515 2653 609 2710 partes
635 2643 770 2696 Poloniae
792 2641 954 2712 respiciens.
983 2649 1008 2694 1⁰
1034 2641 1159 2694 Polonos
1187 2637 1235 2708 qui
1260 2639 1387 2694 Russico
1407 2635 1513 2708 imperio

410 2739 520 2795 parent,
530 2729 627 2782 laudat
639 2731 768 2784 Pontifex
779 2731 816 2783 oh
830 2730 1020 2784 constantiam
1035 2727 1063 2782 in
1077 2727 1141 2792 fide,
1150 2735 1178 2780 et
1193 2726 1367 2781 adhortatur
1380 2727 1418 2780 ad
1431 2739 1512 2794 perse·

410 2815 568 2868 vetantiam
589 2831 714 2886 249·z5o.
728 2847 764 2858 -
785 2819 873 2873 Suam
895 2817 1117 2871 sollicitudinem
1141 2813 1210 2882 ipsis
1231 2830 1382 2885 nunquam
1403 2812 1513 2868 defuisse

409 2917 463 2955 nec
480 2901 641 2959 defuturam
654 2915 774 2960 testatur
787 2919 847 2970 250.
864 2935 897 2944 -
919 2905 1030 2959 Recolit
1053 2912 1139 2970 pacta
1152 2917 1218 2956 cunt
1233 2902 1365 2956 Consili0
1383 2897 1513 2970 Imperiali

410 2987 489 3054 inita,
500 3001 585 3059 atque
599 2993 636 3046 ad
650 2993 742 3059 ipsum
758 2995 964 3063 Imperatorem
979 3001 1080 3060 postea
1093 2991 1189 3044 delata
1202 3002 1368 3058 252251.-
1387 2985 1511 3060 Episcopi

411 3087 530 3144 pergant
554 3081 703 3135 Ecclesiae
721 3081 786 3150 jura
810 3081 1029 3149 libertatemque
1054 3083 1151 3142 ttrerl;
1178 3087 1279 3132 curent
1302 3095 1342 3131 ne
1364 3077 1423 3131 ulla
1443 3075 1514 3129 detur

410 3179 427 3214 a
451 3165 607 3221 Catholicis
631 3169 751 3222 offensio
773 3169 908 3236 potestati
932 3167 1017 3232 civili,
1034 3183 1088 3220 nec
1106 3166 1248 3220 desistant
1272 3166 1411 3220 omnibus
1433 3161 1514 3217 modis

410 3267 577 3318 promovere
590 3256 712 3310 salutem
726 3255 867 3309 Fidelium
887 3264 914 3307 et
928 3255 1035 3310 cultum
1050 3253 1177 3306 divinum
1199 3267 1213 3305 2
1219 3265 1262 3320 51.
1276 3279 1312 3289 —-
1333 3251 1363 3306 Si
1384 3253 1514 3322 quaedam

409 3339 576 3394 discrimina
601 3343 707 3398 instare
732 3343 891 3404 videantur,
916 3341 1106 3410 appellandae
1132 3349 1198 3394 sunt
1223 3339 1434 3393 conventiones
1456 3353 1511 3390 cunr

410 3428 438 3480 S.
451 3430 526 3484 Sede
535 3430 622 3484 initae
633 3447 647 3483 2
652 3444 758 3499 51-252.
768 3461 803 3470 -
812 3438 840 3483 2ο
853 3431 920 3484 Illos
932 3429 979 3498 qui
991 3429 1026 3482 ad
1038 3429 1220 3482 Austriacam
1231 3427 1373 3482 ditionem
1382 3427 1513 3498 pertinent

408 3519 575 3572 hortaturut
591 3519 760 3587 Imperatori
775 3529 921 3588 praestent
935 3517 1034 3570 debita
1048 3515 1194 3585 obsequia,
1205 3525 1234 3569 et
1255 3511 1512 3583 religionisincolu·

407 3607 537 3660 mitatem
550 3617 760 3676 prosequantur
774 3621 788 3658 2
793 3621 834 3676 5²-
849 3637 884 3645 —
901 3605 1082 3661 Universitas
1097 3603 1298 3657 cracoviensis
1308 3605 1452 3657 vetustam
1464 3599 1513 3651 lau·

408 3695 473 3748 dem
495 3705 607 3748 tueatur
629 3705 688 3760 ²5²·
704 3723 738 3730 -
751 3695 875 3748 Ordines
898 3693 1105 3760 religiosorum,
1126 3687 1235 3745 civitati
1250 3707 1307 3744 non
1322 3689 1418 3744 minus
1436 3701 1512 3756 quarn

409 3779 558 3836 Ecclesiae
573 3782 881 3846 utiles‚etnominatim
897 3780 1076 3835 llasiliaoum
1086 3778 1226 3844 ordinem,
1237 3777 1370 3834 Pontifex
1380 3789 1514 3830 commen·

407 3869 456 3923 dat
466 3882 565 3936 252-25
571 3885 593 3936 3.
607 3899 642 3906 -
656 3869 728 3923 Cum
742 3869 880 3922 Ruthenis
898 3869 1023 3922 fraterna
1035 3864 1192 3920 concordia
1203 3863 1335 3930 fovenda,
1349 3862 1434 3916 unius
1447 3860 1512 3912 enim

407 3957 557 4012 Ecclesiae
566 3957 614 4011 lilii
630 3969 703 4025 suot,
715 3975 768 4010 nec
782 3959 875 4011 minus
885 3973 973 4027 quam
987 3955 1075 4010 ceteri
1090 3955 1127 4008 ah
1141 3970 1175 4007 ea
1190 3951 1287 4006 dilecti
1302 3965 1362 4019 253.
1374 3981 1410 3990 —
1424 3955 1451 4018 3⁰
1464 3945 1514 4001 Illis

406 4047 455 4116 qui
470 4047 642 4101 Germaniae
656 4046 776 4116 Imperio
790 4049 923 4110 subsunt,
935 4047 1097 4115 gratulatur
1110 4043 1241 4096 Pontifex
1260 4043 1297 4094 de
1318 4038 1479 4095 obedientia
1490 4043 1513 4086 et

407 4149 505 4188 amore
518 4153 593 4189 novo
607 4135 727 4190 antistiti
746 4134 907 4190 Goesnensi
919 4134 1064 4203 praestitis
1077 4147 1090 4185 2
1096 4145 1108 4200 5
1112 4145 1135 4198 3.
1152 4159 1186 4170 -
1202 4131 1411 4197 Imperatorem
1427 4123 1513 4180 laudat

407 4221 437 4274 io
465 4223 587 4277 Polonos
615 4223 917 4278 benevolentissimum
943 4234 1004 4291 253.
1024 4251 1059 4259 —
1083 4221 1164 4274 Haec
1190 4217 1299 4271 monita
1317 4232 1336 4270 a
1357 4212 1514 4268 Pastoribus
