3296 4886
414 270 457 341 18
611 286 793 339 sersaoni
821 285 1033 337 suevcmca
1062 272 1083 302 ‘¹
1102 263 1308 338 ocroun1''.

407 439 518 523 Quam
530 438 735 522 praeclarum
748 446 782 500 et
792 437 910 520 quanti
923 438 993 512 erit,
1004 437 1036 499 in
1051 436 1197 515 urbibus,
1209 439 1242 500 in
1254 438 1359 520 pagis,
1371 439 1402 502 in
1414 437 1511 513 villis,

403 555 490 611 terra
519 545 677 627 marique,
707 562 918 625 quacumque
945 551 1039 625 patet
1063 541 1248 607 catholicus
1278 543 1379 621 orbis,
1404 543 1511 608 multa

403 652 535 733 piorum
552 660 694 713 centena
711 647 825 726 millia,
841 647 977 712 sociatis
1002 647 1157 711 laudibus
1174 647 1419 729 foederatisque
1436 669 1509 730 pre-

402 755 504 830 cibus,
521 774 588 817 una
605 762 717 816 mente
732 763 766 816 et
780 773 862 816 voce
874 751 1014 833 singulis
1026 751 1116 816 horis
1131 751 1275 816 Mariam
1289 750 1510 829 consalutare,

405 857 546 922 Mariam
572 857 759 939 implorare,
775 876 834 939 per
863 856 1007 920 Mariam
1034 875 1167 938 sperare
1193 856 1326 920 omnia!
1353 855 1411 919 Ab
1435 856 1509 939 ipsa

403 981 521 1042 omnes
546 960 688 1025 fidentes
714 960 921 1024 contendant
947 968 993 1038 ut,
1019 969 1161 1023 exorato
1189 958 1285 1036 Filio,
1315 959 1508 1022 aberrantes

403 1065 556 1128 nationes
582 1065 625 1127 ad
654 1063 835 1126 christiana
862 1062 1000 1125 redeant
1027 1062 1180 1125 instituta
1208 1069 1242 1125 et
1269 1070 1455 1144 praecepta,
1472 1063 1505 1126 in

402 1167 523 1250 quibus
549 1167 665 1231 salutis
696 1166 850 1248 publicae
880 1163 1129 1228 firmamentum
1160 1165 1321 1245 consistit,
1350 1166 1440 1228 unde
1471 1174 1504 1229 et

400 1270 570 1350 expetitae
587 1270 679 1352 pacis
696 1277 729 1332 et
744 1287 841 1332 verae
857 1268 1028 1330 beatitatis
1044 1267 1142 1349 copia
1157 1265 1343 1334 efflorescit.
1360 1267 1417 1332 Ab
1431 1269 1504 1350 ipsa

399 1393 439 1436 eo
455 1373 638 1456 impensius
654 1373 869 1450 contendant,
886 1371 975 1453 quod
1001 1370 1098 1434 bonis
1113 1371 1271 1435 omnibus
1286 1371 1503 1453 exoptatissi-

399 1496 490 1540 mum
507 1497 579 1540 esse
594 1477 705 1553 debet,
721 1485 757 1539 ut
772 1475 923 1538 Ecclesia
948 1484 1055 1538 mater
1079 1473 1233 1539 libertate
1249 1475 1397 1557 potiatur
1413 1483 1504 1538 tran·

398 1578 567 1662 quilleque
594 1579 721 1645 fruatur
746 1599 829 1656 sua;
859 1595 960 1660 quam
991 1596 1059 1640 non
1085 1577 1152 1640 alio
1178 1577 1235 1640 illa
1263 1577 1363 1641 refert
1379 1577 1442 1640 nisi
1459 1578 1503 1641 ad

397 1699 547 1742 summas
571 1681 747 1744 hominum
775 1679 1003 1763 procurandas
1027 1679 1219 1758 rationes,a
1246 1700 1313 1764 qua
1328 1681 1451 1763 singuli
1469 1689 1504 1744 et

396 1782 548 1847 civitates
576 1784 668 1847 nulla
695 1804 835 1867 usquam
861 1785 995 1858 damna,
1010 1781 1154 1864 plurima
1177 1783 1270 1848 omni
1294 1793 1445 1865 tempore
1470 1791 1505 1846 et

400 1889 551 1952 maxima
568 1887 729 1952 beneficia
745 1899 927 1953 senserunt.

442 1991 514 2054 Iam
532 1994 635 2070 vobis,
651 1991 869 2056 Venerabiles
887 1993 1030 2073 Fratres,
1056 1993 1260 2075 adprecante
1283 1991 1500 2056 sacratissimi

396 2095 528 2160 Rosarii
539 2097 680 2180 Regina,
690 2097 849 2180 largiatur
859 2098 952 2162 Deus
966 2118 1105 2163 munera
1117 2098 1281 2160 bonorum
1294 2095 1500 2174 caelestium,

395 2203 1502 2287 mmmmmwfflmfflffifflmmmwmmfflfflm

395 2307 480 2370 vires
495 2317 676 2390 suppetant
688 2307 721 2371 in
737 2308 809 2372 dies
825 2309 1007 2390 ampliora:
1023 2309 1118 2372 cuius
1141 2307 1187 2372 rei
1213 2318 1285 2372 esto
1310 2306 1497 2389 auspicium

394 2418 428 2472 et
437 2409 558 2491 pignus
583 2410 782 2492 Apostolica
797 2410 996 2488 benedictio,
1012 2431 1114 2494 quarn
1130 2410 1225 2473 vobis
1240 2410 1322 2492 ipsis
1349 2418 1382 2473 et
1407 2408 1497 2472 clero

394 2521 429 2575 et
445 2515 578 2597 populis
600 2515 760 2598 cuiusque
782 2525 930 2580 vestrum
948 2535 1046 2580 curae
1061 2513 1261 2580 concreditis
1284 2521 1500 2596 peramanter

393 2617 612 2700 impmfimus

438 2718 566 2784 Datum
599 2723 729 2788 Romae
759 2722 848 2806 apud
875 2723 908 2788 S.
942 2723 1077 2787 Petrum
1103 2723 1158 2786 die
1182 2734 1265 2784 XXII
1292 2717 1505 2802 Septembris

394 2837 591 2904 MDCCCXCI‚
608 2826 826 2892 Pontificatus
844 2827 959 2892 Nostri
977 2847 1067 2891 anno
1079 2826 1211 2891 decimo
1228 2833 1360 2908 quarte.

1120 2987 1216 3054 LEO
1234 2987 1295 3052 ΡΡ.
1309 2988 1411 3054 ΧΙΙΙ.
