<?xml version="1.0" encoding="UTF-8"?>
<!DOCTYPE html PUBLIC "-//W3C//DTD XHTML 1.0 Transitional//EN"
    "http://www.w3.org/TR/xhtml1/DTD/xhtml1-transitional.dtd">
<html xmlns="http://www.w3.org/1999/xhtml" xml:lang="en" lang="en">
 <head>
  <title>
</title>
<meta http-equiv="Content-Type" content="text/html;charset=utf-8" />
  <meta name='ocr-system' content='tesseract 3.04.00' />
  <meta name='ocr-capabilities' content='ocr_page ocr_carea ocr_par ocr_line ocrx_word'/>
</head>
<body>
  <div class='ocr_page' id='page_1' title='image "./sanctissimidomi01xiiigoog_0038.png"; bbox 0 0 3296 4886; ppageno 0'>
   <div class='ocr_carea' id='block_1_1' title="bbox 464 311 1267 390">
    <p class='ocr_par' dir='ltr' id='par_1_1' title="bbox 464 311 1267 390">
     <span class='ocr_line' id='line_1_1' title="bbox 464 311 1267 390; baseline 0.012 -30"><span class='ocrx_word' id='word_1_1' title='bbox 464 311 516 360; x_wconf 82' lang='lat' dir='ltr'>AD</span> <span class='ocrx_word' id='word_1_2' title='bbox 539 313 572 379; x_wconf 76' lang='grc'>8.</span> <span class='ocrx_word' id='word_1_3' title='bbox 595 313 628 363; x_wconf 85' lang='lat' dir='ltr'>R.</span> <span class='ocrx_word' id='word_1_4' title='bbox 651 315 684 364; x_wconf 83' lang='lat' dir='ltr'>E.</span> <span class='ocrx_word' id='word_1_5' title='bbox 713 313 963 367; x_wconf 79' lang='lat' dir='ltr'>CARDINALES.</span> <span class='ocrx_word' id='word_1_6' title='bbox 1222 322 1267 390; x_wconf 89' lang='lat'>29</span> 
     </span>
    </p>
   </div>
   <div class='ocr_carea' id='block_1_2' title="bbox 156 461 1389 548">
    <p class='ocr_par' dir='ltr' id='par_1_2' title="bbox 156 461 1389 548">
     <span class='ocr_line' id='line_1_2' title="bbox 156 461 1389 548; baseline 0.006 -23"><span class='ocrx_word' id='word_1_7' title='bbox 156 461 371 546; x_wconf 73' lang='lat' dir='ltr'>providentia</span> <span class='ocrx_word' id='word_1_8' title='bbox 388 462 453 526; x_wconf 92' lang='lat' dir='ltr'>Dei</span> <span class='ocrx_word' id='word_1_9' title='bbox 470 475 503 526; x_wconf 89' lang='lat' dir='ltr'>et</span> <span class='ocrx_word' id='word_1_10' title='bbox 517 463 725 528; x_wconf 88' lang='lat' dir='ltr'>saeculorum</span> <span class='ocrx_word' id='word_1_11' title='bbox 743 461 904 548; x_wconf 82' lang='lat' dir='ltr'>suffragio</span> <span class='ocrx_word' id='word_1_12' title='bbox 920 468 1092 534; x_wconf 86' lang='lat' dir='ltr'>addictam</span> <span class='ocrx_word' id='word_1_13' title='bbox 1106 469 1270 548; x_wconf 86' lang='lat' dir='ltr'>Pontifici,</span> <span class='ocrx_word' id='word_1_14' title='bbox 1358 499 1389 544; x_wconf 71' lang='lat'>14</span> 
     </span>
    </p>
   </div>
   <div class='ocr_carea' id='block_1_3' title="bbox 156 544 1409 660">
    <p class='ocr_par' dir='ltr' id='par_1_3' title="bbox 156 544 1409 660">
     <span class='ocr_line' id='line_1_3' title="bbox 156 544 1409 660; baseline -0.002 -28"><span class='ocrx_word' id='word_1_15' title='bbox 156 579 307 651; x_wconf 88' lang='lat' dir='ltr'>repetere</span> <span class='ocrx_word' id='word_1_16' title='bbox 334 569 565 651; x_wconf 89' lang='lat' dir='ltr'>perreximus;</span> <span class='ocrx_word' id='word_1_17' title='bbox 593 568 695 652; x_wconf 88' lang='lat' dir='ltr'>plane</span> <span class='ocrx_word' id='word_1_18' title='bbox 724 573 917 650; x_wconf 82' lang='lat' dir='ltr'>sentientes,</span> <span class='ocrx_word' id='word_1_19' title='bbox 948 575 1038 655; x_wconf 93' lang='lat' dir='ltr'>quod</span> <span class='ocrx_word' id='word_1_20' title='bbox 1066 594 1134 638; x_wconf 89' lang='lat' dir='ltr'>non</span> <span class='ocrx_word' id='word_1_21' title='bbox 1166 574 1269 638; x_wconf 89' lang='lat' dir='ltr'>semel</span> <span class='ocrx_word' id='word_1_22' title='bbox 1335 544 1409 660; x_wconf 53' lang='grc' dir='ltr'>ᾖξε</span> 
     </span>
    </p>
   </div>
   <div class='ocr_carea' id='block_1_4' title="bbox 155 671 1451 1300">
    <p class='ocr_par' dir='ltr' id='par_1_4' title="bbox 155 671 1451 1300">
     <span class='ocr_line' id='line_1_4' title="bbox 156 671 1447 764; baseline 0.012 -28"><span class='ocrx_word' id='word_1_23' title='bbox 156 671 707 748; x_wconf 88' lang='lat' dir='ltr'>memoravimus,incolumitatem</span> <span class='ocrx_word' id='word_1_24' title='bbox 729 675 807 738; x_wconf 90' lang='lat' dir='ltr'>iuris</span> <span class='ocrx_word' id='word_1_25' title='bbox 824 675 939 739; x_wconf 93' lang='lat' dir='ltr'>Nostri</span> <span class='ocrx_word' id='word_1_26' title='bbox 950 696 1027 740; x_wconf 91' lang='lat' dir='ltr'>cum</span> <span class='ocrx_word' id='word_1_27' title='bbox 1039 677 1157 756; x_wconf 88' lang='lat' dir='ltr'>salute,</span> <span class='ocrx_word' id='word_1_28' title='bbox 1173 677 1270 742; x_wconf 88' lang='lat' dir='ltr'>liber·</span> <span class='ocrx_word' id='word_1_29' title='bbox 1297 711 1447 764; x_wconf 62' lang='lat' dir='ltr'>indnunt-</span> 
     </span>
     <span class='ocr_line' id='line_1_5' title="bbox 155 775 1447 863; baseline 0.005 -25"><span class='ocrx_word' id='word_1_30' title='bbox 155 783 237 848; x_wconf 89' lang='lat' dir='ltr'>tate,</span> <span class='ocrx_word' id='word_1_31' title='bbox 252 775 477 858; x_wconf 82' lang='lat' dir='ltr'>prosperitate</span> <span class='ocrx_word' id='word_1_32' title='bbox 502 776 604 840; x_wconf 84' lang='lat' dir='ltr'>italici</span> <span class='ocrx_word' id='word_1_33' title='bbox 629 777 760 860; x_wconf 90' lang='lat' dir='ltr'>generis</span> <span class='ocrx_word' id='word_1_34' title='bbox 784 777 913 860; x_wconf 88' lang='lat' dir='ltr'>optime</span> <span class='ocrx_word' id='word_1_35' title='bbox 942 798 1041 863; x_wconf 90' lang='lat' dir='ltr'>posse</span> <span class='ocrx_word' id='word_1_36' title='bbox 1068 781 1271 845; x_wconf 87' lang='lat' dir='ltr'>consistere:</span> <span class='ocrx_word' id='word_1_37' title='bbox 1297 777 1447 856; x_wconf 63' lang='lat' dir='ltr'>runampr-</span> 
     </span>
     <span class='ocr_line' id='line_1_6' title="bbox 155 849 1448 963; baseline 0.005 -22"><span class='ocrx_word' id='word_1_38' title='bbox 155 879 263 942; x_wconf 88' lang='lat' dir='ltr'>immo</span> <span class='ocrx_word' id='word_1_39' title='bbox 282 878 445 942; x_wconf 89' lang='lat' dir='ltr'>Italorum</span> <span class='ocrx_word' id='word_1_40' title='bbox 463 900 539 943; x_wconf 92' lang='lat' dir='ltr'>cum</span> <span class='ocrx_word' id='word_1_41' title='bbox 568 880 769 963; x_wconf 90' lang='lat' dir='ltr'>Apostolica</span> <span class='ocrx_word' id='word_1_42' title='bbox 799 883 879 945; x_wconf 90' lang='lat' dir='ltr'>sede</span> <span class='ocrx_word' id='word_1_43' title='bbox 904 903 1105 948; x_wconf 89' lang='lat' dir='ltr'>consensum</span> <span class='ocrx_word' id='word_1_44' title='bbox 1131 887 1271 950; x_wconf 90' lang='lat' dir='ltr'>omnino</span> <span class='ocrx_word' id='word_1_45' title='bbox 1296 849 1448 958; x_wconf 42' lang='lat' dir='ltr'>2222·thss</span> 
     </span>
     <span class='ocr_line' id='line_1_7' title="bbox 155 973 1451 1090; baseline 0.005 -44"><span class='ocrx_word' id='word_1_46' title='bbox 155 985 199 1047; x_wconf 91' lang='lat' dir='ltr'>ad</span> <span class='ocrx_word' id='word_1_47' title='bbox 217 1001 334 1046; x_wconf 90' lang='lat' dir='ltr'>eorum</span> <span class='ocrx_word' id='word_1_48' title='bbox 351 982 517 1048; x_wconf 88' lang='lat' dir='ltr'>bonorum</span> <span class='ocrx_word' id='word_1_49' title='bbox 535 983 743 1049; x_wconf 90' lang='lat' dir='ltr'>incrementa</span> <span class='ocrx_word' id='word_1_50' title='bbox 758 986 850 1050; x_wconf 91' lang='lat' dir='ltr'>domi</span> <span class='ocrx_word' id='word_1_51' title='bbox 881 985 1026 1070; x_wconf 86' lang='lat' dir='ltr'>lorisque</span> <span class='ocrx_word' id='word_1_52' title='bbox 1051 988 1271 1070; x_wconf 82' lang='lat' dir='ltr'>profuturum.</span> <span class='ocrx_word' id='word_1_53' title='bbox 1296 973 1451 1090; x_wconf 48' lang='lat' dir='ltr'>mm</span> 
     </span>
     <span class='ocr_line' id='line_1_8' title="bbox 156 1055 1449 1182; baseline 0.005 -33"><span class='ocrx_word' id='word_1_54' title='bbox 156 1085 257 1168; x_wconf 84' lang='lat' dir='ltr'><strong>Quae</strong></span> <span class='ocrx_word' id='word_1_55' title='bbox 272 1087 476 1169; x_wconf 81' lang='lat' dir='ltr'>scripsimus,</span> <span class='ocrx_word' id='word_1_56' title='bbox 492 1107 646 1170; x_wconf 90' lang='lat' dir='ltr'>quaeque</span> <span class='ocrx_word' id='word_1_57' title='bbox 662 1107 768 1170; x_wconf 90' lang='lat' dir='ltr'>usque</span> <span class='ocrx_word' id='word_1_58' title='bbox 784 1089 827 1153; x_wconf 89' lang='lat' dir='ltr'>ad</span> <span class='ocrx_word' id='word_1_59' title='bbox 844 1088 931 1154; x_wconf 91' lang='lat' dir='ltr'>hanc</span> <span class='ocrx_word' id='word_1_60' title='bbox 949 1090 1049 1168; x_wconf 89' lang='lat' dir='ltr'>diem,</span> <span class='ocrx_word' id='word_1_61' title='bbox 1062 1091 1144 1154; x_wconf 93' lang='lat' dir='ltr'>nihil</span> <span class='ocrx_word' id='word_1_62' title='bbox 1155 1102 1268 1156; x_wconf 90' lang='lat' dir='ltr'>tamen</span> <span class='ocrx_word' id='word_1_63' title='bbox 1292 1104 1358 1182; x_wconf 62' lang='lat' dir='ltr'>scra</span> <span class='ocrx_word' id='word_1_64' title='bbox 1368 1106 1395 1155; x_wconf 86' lang='lat' dir='ltr'>S.</span> <span class='ocrx_word' id='word_1_65' title='bbox 1404 1055 1449 1155; x_wconf 51' lang='lat' dir='ltr'>be·</span> 
     </span>
     <span class='ocr_line' id='line_1_9' title="bbox 156 1169 1450 1300; baseline 0.002 -44"><span class='ocrx_word' id='word_1_66' title='bbox 156 1193 306 1257; x_wconf 92' lang='lat' dir='ltr'>minitati</span> <span class='ocrx_word' id='word_1_67' title='bbox 322 1195 490 1276; x_wconf 87' lang='lat' dir='ltr'>cuiquam,</span> <span class='ocrx_word' id='word_1_68' title='bbox 505 1193 647 1276; x_wconf 86' lang='lat' dir='ltr'>egimus,</span> <span class='ocrx_word' id='word_1_69' title='bbox 663 1194 778 1258; x_wconf 89' lang='lat' dir='ltr'>omnia</span> <span class='ocrx_word' id='word_1_70' title='bbox 790 1203 966 1272; x_wconf 82' lang='lat' dir='ltr'>testantur,</span> <span class='ocrx_word' id='word_1_71' title='bbox 982 1195 1065 1260; x_wconf 91' lang='lat' dir='ltr'>nihil</span> <span class='ocrx_word' id='word_1_72' title='bbox 1078 1216 1150 1258; x_wconf 90' lang='lat' dir='ltr'>esse</span> <span class='ocrx_word' id='word_1_73' title='bbox 1162 1216 1269 1279; x_wconf 88' lang='lat' dir='ltr'>neque</span> <span class='ocrx_word' id='word_1_74' title='bbox 1295 1169 1450 1300; x_wconf 46' lang='lat' dir='ltr'>{2¹22ssssss</span> 
     </span>
    </p>
   </div>
   <div class='ocr_carea' id='block_1_5' title="bbox 150 1297 1452 4290">
    <p class='ocr_par' dir='ltr' id='par_1_5' title="bbox 151 1297 1451 2712">
     <span class='ocr_line' id='line_1_10' title="bbox 156 1297 1447 1381; baseline 0.003 -21"><span class='ocrx_word' id='word_1_75' title='bbox 156 1301 190 1361; x_wconf 88' lang='lat' dir='ltr'>in</span> <span class='ocrx_word' id='word_1_76' title='bbox 209 1299 378 1362; x_wconf 88' lang='lat' dir='ltr'>sententia</span> <span class='ocrx_word' id='word_1_77' title='bbox 404 1297 540 1375; x_wconf 90' lang='lat' dir='ltr'>Nostra,</span> <span class='ocrx_word' id='word_1_78' title='bbox 556 1318 666 1381; x_wconf 91' lang='lat' dir='ltr'>neque</span> <span class='ocrx_word' id='word_1_79' title='bbox 682 1299 715 1361; x_wconf 91' lang='lat' dir='ltr'>in</span> <span class='ocrx_word' id='word_1_80' title='bbox 738 1299 862 1381; x_wconf 90' lang='lat' dir='ltr'>agendi</span> <span class='ocrx_word' id='word_1_81' title='bbox 883 1301 1012 1364; x_wconf 90' lang='lat' dir='ltr'>ratione</span> <span class='ocrx_word' id='word_1_82' title='bbox 1025 1309 1204 1365; x_wconf 88' lang='lat' dir='ltr'>mutatum.</span> <span class='ocrx_word' id='word_1_83' title='bbox 1227 1335 1270 1348; x_wconf 90' lang='lat'>-—</span> <span class='ocrx_word' id='word_1_84' title='bbox 1295 1301 1364 1350; x_wconf 81' lang='lat' dir='ltr'>salus</span> <span class='ocrx_word' id='word_1_85' title='bbox 1379 1301 1447 1377; x_wconf 72' lang='lat' dir='ltr'>itali-</span> 
     </span>
     <span class='ocr_line' id='line_1_11' title="bbox 154 1373 1451 1488; baseline -0.001 -20"><span class='ocrx_word' id='word_1_86' title='bbox 154 1403 239 1468; x_wconf 85' lang='lat' dir='ltr'>Alia</span> <span class='ocrx_word' id='word_1_87' title='bbox 255 1405 358 1486; x_wconf 85' lang='lat' dir='ltr'>igitur</span> <span class='ocrx_word' id='word_1_88' title='bbox 374 1403 592 1467; x_wconf 90' lang='lat' dir='ltr'>increscentis</span> <span class='ocrx_word' id='word_1_89' title='bbox 608 1403 834 1468; x_wconf 88' lang='lat' dir='ltr'>contentionis</span> <span class='ocrx_word' id='word_1_90' title='bbox 851 1413 902 1466; x_wconf 90' lang='lat' dir='ltr'>est</span> <span class='ocrx_word' id='word_1_91' title='bbox 925 1423 1043 1468; x_wconf 88' lang='lat' dir='ltr'>caussa</span> <span class='ocrx_word' id='word_1_92' title='bbox 1070 1404 1270 1488; x_wconf 89' lang='lat' dir='ltr'>quaerenda.</span> <span class='ocrx_word' id='word_1_93' title='bbox 1295 1373 1451 1480; x_wconf 51' lang='lat' dir='ltr'>ssssgss&#39;t&#39;kso,</span> 
     </span>
     <span class='ocr_line' id='line_1_12' title="bbox 157 1493 1435 1612; baseline 0.001 -40"><span class='ocrx_word' id='word_1_94' title='bbox 157 1509 267 1590; x_wconf 86' lang='lat' dir='ltr'>Atqui</span> <span class='ocrx_word' id='word_1_95' title='bbox 293 1527 364 1572; x_wconf 74' lang='lat' dir='ltr'>rem</span> <span class='ocrx_word' id='word_1_96' title='bbox 381 1508 534 1572; x_wconf 85' lang='lat' dir='ltr'>videmur</span> <span class='ocrx_word' id='word_1_97' title='bbox 563 1508 734 1572; x_wconf 69' lang='lat' dir='ltr'>verissime</span> <span class='ocrx_word' id='word_1_98' title='bbox 750 1508 790 1570; x_wconf 79' lang='lat' dir='ltr'>ns</span> <span class='ocrx_word' id='word_1_99' title='bbox 815 1507 967 1592; x_wconf 69' lang='lat' dir='ltr'>attigisse</span> <span class='ocrx_word' id='word_1_100' title='bbox 983 1509 1112 1588; x_wconf 74' lang='lat' dir='ltr'>utteris,</span> <span class='ocrx_word' id='word_1_101' title='bbox 1128 1529 1210 1592; x_wconf 79' lang='lat' dir='ltr'>quas</span> <span class='ocrx_word' id='word_1_102' title='bbox 1226 1510 1268 1573; x_wconf 80' lang='lat' dir='ltr'>ad</span> <span class='ocrx_word' id='word_1_103' title='bbox 1295 1493 1435 1612; x_wconf 60' lang='lat' dir='ltr'>5232qu</span> 
     </span>
     <span class='ocr_line' id='line_1_13' title="bbox 157 1578 1424 1696; baseline 0 -20"><span class='ocrx_word' id='word_1_104' title='bbox 157 1611 325 1676; x_wconf 90' lang='lat' dir='ltr'>Italorum</span> <span class='ocrx_word' id='word_1_105' title='bbox 342 1623 479 1696; x_wconf 86' lang='lat' dir='ltr'>gentem</span> <span class='ocrx_word' id='word_1_106' title='bbox 495 1612 651 1677; x_wconf 90' lang='lat' dir='ltr'>dedimus</span> <span class='ocrx_word' id='word_1_107' title='bbox 675 1632 765 1676; x_wconf 89' lang='lat' dir='ltr'>anno</span> <span class='ocrx_word' id='word_1_108' title='bbox 781 1613 950 1694; x_wconf 87' lang='lat' dir='ltr'>superiore</span> <span class='ocrx_word' id='word_1_109' title='bbox 965 1637 972 1676; x_wconf 96' lang='lat'>:</span> <span class='ocrx_word' id='word_1_110' title='bbox 989 1615 1021 1676; x_wconf 93' lang='lat' dir='ltr'>in</span> <span class='ocrx_word' id='word_1_111' title='bbox 1050 1613 1171 1695; x_wconf 91' lang='lat' dir='ltr'>quibus</span> <span class='ocrx_word' id='word_1_112' title='bbox 1195 1634 1269 1696; x_wconf 88' lang='lat' dir='ltr'>pra·</span> <span class='ocrx_word' id='word_1_113' title='bbox 1297 1578 1424 1691; x_wconf 47' lang='lat' dir='ltr'>ruperim</span> 
     </span>
     <span class='ocr_line' id='line_1_14' title="bbox 155 1708 1448 1823; baseline 0.003 -43"><span class='ocrx_word' id='word_1_114' title='bbox 155 1737 275 1782; x_wconf 85' lang='lat' dir='ltr'>varum</span> <span class='ocrx_word' id='word_1_115' title='bbox 292 1737 415 1780; x_wconf 89' lang='lat' dir='ltr'>arcana</span> <span class='ocrx_word' id='word_1_116' title='bbox 428 1727 595 1781; x_wconf 90' lang='lat' dir='ltr'>sectarum</span> <span class='ocrx_word' id='word_1_117' title='bbox 614 1717 791 1800; x_wconf 88' lang='lat' dir='ltr'>ipsissimis</span> <span class='ocrx_word' id='word_1_118' title='bbox 807 1737 923 1780; x_wconf 91' lang='lat' dir='ltr'>eorum</span> <span class='ocrx_word' id='word_1_119' title='bbox 940 1717 1059 1794; x_wconf 88' lang='lat' dir='ltr'>verbis,</span> <span class='ocrx_word' id='word_1_120' title='bbox 1075 1720 1131 1800; x_wconf 93' lang='lat' dir='ltr'>qui</span> <span class='ocrx_word' id='word_1_121' title='bbox 1159 1730 1270 1784; x_wconf 89' lang='lat' dir='ltr'>essent</span> <span class='ocrx_word' id='word_1_122' title='bbox 1296 1708 1365 1807; x_wconf 56' lang='lat' dir='ltr'>m</span> <span class='ocrx_word' id='word_1_123' title='bbox 1383 1709 1448 1823; x_wconf 46' lang='grc' dir='ltr'>’ἐξ</span> 
     </span>
     <span class='ocr_line' id='line_1_15' title="bbox 154 1819 1389 1904; baseline 0 -19"><span class='ocrx_word' id='word_1_124' title='bbox 154 1821 295 1898; x_wconf 87' lang='lat' dir='ltr'>conscii,</span> <span class='ocrx_word' id='word_1_125' title='bbox 308 1821 510 1902; x_wconf 89' lang='lat' dir='ltr'>aperuimus:</span> <span class='ocrx_word' id='word_1_126' title='bbox 522 1821 642 1904; x_wconf 92' lang='lat' dir='ltr'>quibus</span> <span class='ocrx_word' id='word_1_127' title='bbox 656 1821 793 1902; x_wconf 89' lang='lat' dir='ltr'>quidem</span> <span class='ocrx_word' id='word_1_128' title='bbox 816 1819 926 1882; x_wconf 89' lang='lat' dir='ltr'>verbis</span> <span class='ocrx_word' id='word_1_129' title='bbox 943 1821 1125 1884; x_wconf 88' lang='lat' dir='ltr'>novissime</span> <span class='ocrx_word' id='word_1_130' title='bbox 1149 1821 1271 1904; x_wconf 91' lang='lat' dir='ltr'>inipso</span> <span class='ocrx_word' id='word_1_131' title='bbox 1297 1839 1389 1874; x_wconf 79' lang='lat' dir='ltr'>varum</span> 
     </span>
     <span class='ocr_line' id='line_1_16' title="bbox 153 1895 1448 2007; baseline 0.001 -19"><span class='ocrx_word' id='word_1_132' title='bbox 153 1923 421 2007; x_wconf 85' lang='lat' dir='ltr'>legumlatorum</span> <span class='ocrx_word' id='word_1_133' title='bbox 435 1934 533 1987; x_wconf 90' lang='lat' dir='ltr'>coetu</span> <span class='ocrx_word' id='word_1_134' title='bbox 546 1924 637 1988; x_wconf 90' lang='lat' dir='ltr'>haud</span> <span class='ocrx_word' id='word_1_135' title='bbox 653 1924 832 2006; x_wconf 86' lang='lat' dir='ltr'>ambiguae</span> <span class='ocrx_word' id='word_1_136' title='bbox 848 1907 1047 1987; x_wconf 88' lang='lat' dir='ltr'>concinuere</span> <span class='ocrx_word' id='word_1_137' title='bbox 1057 1925 1270 1990; x_wconf 85' lang='lat' dir='ltr'>vocesCom-</span> <span class='ocrx_word' id='word_1_138' title='bbox 1297 1895 1448 2004; x_wconf 37' lang='lat' dir='ltr'>{mm</span> 
     </span>
     <span class='ocr_line' id='line_1_17' title="bbox 154 2027 1407 2136; baseline 0 -44"><span class='ocrx_word' id='word_1_139' title='bbox 154 2047 261 2092; x_wconf 88' lang='lat' dir='ltr'>mune</span> <span class='ocrx_word' id='word_1_140' title='bbox 272 2037 438 2091; x_wconf 89' lang='lat' dir='ltr'>sectarum</span> <span class='ocrx_word' id='word_1_141' title='bbox 449 2028 626 2092; x_wconf 91' lang='lat' dir='ltr'>consilium</span> <span class='ocrx_word' id='word_1_142' title='bbox 641 2037 691 2092; x_wconf 90' lang='lat' dir='ltr'>est</span> <span class='ocrx_word' id='word_1_143' title='bbox 703 2027 845 2109; x_wconf 84' lang='lat' dir='ltr'>fatigare</span> <span class='ocrx_word' id='word_1_144' title='bbox 856 2047 970 2110; x_wconf 86' lang='lat' dir='ltr'>pugna</span> <span class='ocrx_word' id='word_1_145' title='bbox 982 2028 1087 2092; x_wconf 86' lang='lat' dir='ltr'>atroci</span> <span class='ocrx_word' id='word_1_146' title='bbox 1100 2048 1270 2092; x_wconf 92' lang='lat' dir='ltr'>summurn</span> <span class='ocrx_word' id='word_1_147' title='bbox 1299 2036 1407 2136; x_wconf 45' lang='lat' dir='ltr'>ruqquf</span> 
     </span>
     <span class='ocr_line' id='line_1_18' title="bbox 155 2101 1448 2216; baseline 0.004 -20"><span class='ocrx_word' id='word_1_148' title='bbox 155 2130 397 2216; x_wconf 88' lang='lat' dir='ltr'>pontificatum</span> <span class='ocrx_word' id='word_1_149' title='bbox 414 2142 449 2196; x_wconf 92' lang='lat' dir='ltr'>et</span> <span class='ocrx_word' id='word_1_150' title='bbox 465 2131 626 2208; x_wconf 83' lang='lat' dir='ltr'>funditus,</span> <span class='ocrx_word' id='word_1_151' title='bbox 638 2133 666 2196; x_wconf 92' lang='lat' dir='ltr'>si</span> <span class='ocrx_word' id='word_1_152' title='bbox 683 2132 753 2196; x_wconf 90' lang='lat' dir='ltr'>fieri</span> <span class='ocrx_word' id='word_1_153' title='bbox 770 2134 886 2216; x_wconf 92' lang='lat' dir='ltr'>possit,</span> <span class='ocrx_word' id='word_1_154' title='bbox 902 2131 1120 2196; x_wconf 86' lang='lat' dir='ltr'>christianum</span> <span class='ocrx_word' id='word_1_155' title='bbox 1137 2134 1270 2198; x_wconf 90' lang='lat' dir='ltr'>abolere</span> <span class='ocrx_word' id='word_1_156' title='bbox 1298 2101 1448 2216; x_wconf 48' lang='lat' dir='ltr'>{⁷12⁰}less-</span> 
     </span>
     <span class='ocr_line' id='line_1_19' title="bbox 155 2217 1449 2348; baseline 0.002 -48"><span class='ocrx_word' id='word_1_157' title='bbox 155 2257 296 2303; x_wconf 90' lang='lat' dir='ltr'>nomen.</span> <span class='ocrx_word' id='word_1_158' title='bbox 326 2237 433 2300; x_wconf 92' lang='lat' dir='ltr'>Modo</span> <span class='ocrx_word' id='word_1_159' title='bbox 463 2249 646 2320; x_wconf 88' lang='lat' dir='ltr'>properant</span> <span class='ocrx_word' id='word_1_160' title='bbox 673 2237 843 2300; x_wconf 91' lang='lat' dir='ltr'>destinata</span> <span class='ocrx_word' id='word_1_161' title='bbox 868 2245 1008 2320; x_wconf 88' lang='lat' dir='ltr'>patrare,</span> <span class='ocrx_word' id='word_1_162' title='bbox 1038 2247 1166 2302; x_wconf 90' lang='lat' dir='ltr'>certum</span> <span class='ocrx_word' id='word_1_163' title='bbox 1199 2240 1270 2317; x_wconf 90' lang='lat' dir='ltr'>rati,</span> <span class='ocrx_word' id='word_1_164' title='bbox 1297 2217 1449 2348; x_wconf 49' lang='lat' dir='ltr'>maim</span> 
     </span>
     <span class='ocr_line' id='line_1_20' title="bbox 151 2337 1269 2424; baseline 0 -17"><span class='ocrx_word' id='word_1_165' title='bbox 151 2341 274 2407; x_wconf 90' lang='lat' dir='ltr'>omnia</span> <span class='ocrx_word' id='word_1_166' title='bbox 301 2341 364 2404; x_wconf 91' lang='lat' dir='ltr'>sibi</span> <span class='ocrx_word' id='word_1_167' title='bbox 390 2341 538 2404; x_wconf 89' lang='lat' dir='ltr'>secunda</span> <span class='ocrx_word' id='word_1_168' title='bbox 569 2351 670 2424; x_wconf 90' lang='lat' dir='ltr'>atque</span> <span class='ocrx_word' id='word_1_169' title='bbox 696 2340 892 2404; x_wconf 86' lang='lat' dir='ltr'>obedientia</span> <span class='ocrx_word' id='word_1_170' title='bbox 909 2339 986 2402; x_wconf 88' lang='lat' dir='ltr'>lore.</span> <span class='ocrx_word' id='word_1_171' title='bbox 1004 2337 1179 2423; x_wconf 87' lang='lat' dir='ltr'>Siquidem</span> <span class='ocrx_word' id='word_1_172' title='bbox 1202 2363 1269 2407; x_wconf 93' lang='lat' dir='ltr'>non</span> 
     </span>
     <span class='ocr_line' id='line_1_21' title="bbox 152 2435 1269 2524; baseline -0.001 -16"><span class='ocrx_word' id='word_1_173' title='bbox 152 2443 263 2508; x_wconf 91' lang='lat' dir='ltr'>modo</span> <span class='ocrx_word' id='word_1_174' title='bbox 281 2443 366 2504; x_wconf 90' lang='lat' dir='ltr'>nihil</span> <span class='ocrx_word' id='word_1_175' title='bbox 381 2441 629 2524; x_wconf 90' lang='lat' dir='ltr'>impedimenti,</span> <span class='ocrx_word' id='word_1_176' title='bbox 658 2441 747 2504; x_wconf 91' lang='lat' dir='ltr'>unde</span> <span class='ocrx_word' id='word_1_177' title='bbox 773 2435 993 2504; x_wconf 83' lang='lat' dir='ltr'>metuendum</span> <span class='ocrx_word' id='word_1_178' title='bbox 1012 2441 1161 2506; x_wconf 86' lang='lat' dir='ltr'>maxime</span> <span class='ocrx_word' id='word_1_179' title='bbox 1177 2443 1269 2506; x_wconf 91' lang='lat' dir='ltr'>vide-</span> 
     </span>
     <span class='ocr_line' id='line_1_22' title="bbox 152 2544 1269 2629; baseline 0.002 -21"><span class='ocrx_word' id='word_1_180' title='bbox 152 2556 258 2622; x_wconf 91' lang='lat' dir='ltr'>retur,</span> <span class='ocrx_word' id='word_1_181' title='bbox 273 2547 332 2608; x_wconf 91' lang='lat' dir='ltr'>sed</span> <span class='ocrx_word' id='word_1_182' title='bbox 344 2545 585 2621; x_wconf 82' lang='lat' dir='ltr'>indulgentiam</span> <span class='ocrx_word' id='word_1_183' title='bbox 605 2555 707 2627; x_wconf 88' lang='lat' dir='ltr'>atque</span> <span class='ocrx_word' id='word_1_184' title='bbox 724 2544 944 2608; x_wconf 89' lang='lat' dir='ltr'>incitamenta</span> <span class='ocrx_word' id='word_1_185' title='bbox 970 2552 1166 2626; x_wconf 91' lang='lat' dir='ltr'>coeptorum</span> <span class='ocrx_word' id='word_1_186' title='bbox 1194 2546 1269 2629; x_wconf 91' lang='lat' dir='ltr'>plus</span> 
     </span>
     <span class='ocr_line' id='line_1_23' title="bbox 151 2647 615 2712; baseline 0 0"><span class='ocrx_word' id='word_1_187' title='bbox 151 2649 262 2712; x_wconf 88' lang='lat' dir='ltr'>semel</span> <span class='ocrx_word' id='word_1_188' title='bbox 279 2647 342 2712; x_wconf 83' lang='lat' dir='ltr'>sibi</span> <span class='ocrx_word' id='word_1_189' title='bbox 356 2647 473 2712; x_wconf 90' lang='lat' dir='ltr'>vident</span> <span class='ocrx_word' id='word_1_190' title='bbox 485 2649 615 2712; x_wconf 88' lang='lat' dir='ltr'>adesse.</span> 
     </span>
    </p>

    <p class='ocr_par' dir='ltr' id='par_1_6' title="bbox 150 2749 1452 4290">
     <span class='ocr_line' id='line_1_24' title="bbox 203 2749 1269 2834; baseline -0.001 -18"><span class='ocrx_word' id='word_1_191' title='bbox 203 2751 256 2816; x_wconf 88' lang='lat' dir='ltr'>Eu</span> <span class='ocrx_word' id='word_1_192' title='bbox 275 2753 386 2834; x_wconf 90' lang='lat' dir='ltr'>igitur,</span> <span class='ocrx_word' id='word_1_193' title='bbox 401 2750 622 2816; x_wconf 87' lang='lat' dir='ltr'>Venerabiles</span> <span class='ocrx_word' id='word_1_194' title='bbox 649 2749 792 2828; x_wconf 88' lang='lat' dir='ltr'>Fratres,</span> <span class='ocrx_word' id='word_1_195' title='bbox 813 2769 880 2832; x_wconf 92' lang='lat' dir='ltr'>quo</span> <span class='ocrx_word' id='word_1_196' title='bbox 908 2770 959 2813; x_wconf 91' lang='lat' dir='ltr'>res</span> <span class='ocrx_word' id='word_1_197' title='bbox 976 2749 1051 2814; x_wconf 93' lang='lat' dir='ltr'>loco</span> <span class='ocrx_word' id='word_1_198' title='bbox 1066 2753 1153 2815; x_wconf 93' lang='lat' dir='ltr'>sint:</span> <span class='ocrx_word' id='word_1_199' title='bbox 1169 2752 1269 2834; x_wconf 90' lang='lat' dir='ltr'>idque</span> 
     </span>
     <span class='ocr_line' id='line_1_25' title="bbox 152 2853 1270 2937; baseline -0.003 -17"><span class='ocrx_word' id='word_1_200' title='bbox 152 2867 191 2920; x_wconf 93' lang='lat' dir='ltr'>et</span> <span class='ocrx_word' id='word_1_201' title='bbox 208 2875 373 2937; x_wconf 85' lang='lat' dir='ltr'>cognosse</span> <span class='ocrx_word' id='word_1_202' title='bbox 388 2856 486 2919; x_wconf 91' lang='lat' dir='ltr'>decet</span> <span class='ocrx_word' id='word_1_203' title='bbox 513 2865 547 2920; x_wconf 91' lang='lat' dir='ltr'>et</span> <span class='ocrx_word' id='word_1_204' title='bbox 575 2855 780 2931; x_wconf 87' lang='lat' dir='ltr'>meminisse,</span> <span class='ocrx_word' id='word_1_205' title='bbox 794 2855 873 2936; x_wconf 89' lang='lat' dir='ltr'>quia</span> <span class='ocrx_word' id='word_1_206' title='bbox 898 2853 1128 2918; x_wconf 80' lang='lat' dir='ltr'>defensionem</span> <span class='ocrx_word' id='word_1_207' title='bbox 1152 2863 1270 2918; x_wconf 91' lang='lat' dir='ltr'>contra</span> 
     </span>
     <span class='ocr_line' id='line_1_26' title="bbox 151 2957 1270 3042; baseline -0.002 -18"><span class='ocrx_word' id='word_1_208' title='bbox 151 2961 225 3024; x_wconf 84' lang='lat' dir='ltr'>vim</span> <span class='ocrx_word' id='word_1_209' title='bbox 242 2959 439 3042; x_wconf 89' lang='lat' dir='ltr'>parantibus</span> <span class='ocrx_word' id='word_1_210' title='bbox 463 2959 602 3042; x_wconf 91' lang='lat' dir='ltr'>prodest</span> <span class='ocrx_word' id='word_1_211' title='bbox 627 2958 746 3022; x_wconf 88' lang='lat' dir='ltr'>itinera</span> <span class='ocrx_word' id='word_1_212' title='bbox 771 2957 919 3021; x_wconf 91' lang='lat' dir='ltr'>hostium</span> <span class='ocrx_word' id='word_1_213' title='bbox 949 2957 1073 3023; x_wconf 91' lang='lat' dir='ltr'>habere</span> <span class='ocrx_word' id='word_1_214' title='bbox 1089 2967 1270 3040; x_wconf 89' lang='lat' dir='ltr'>comperta.</span> 
     </span>
     <span class='ocr_line' id='line_1_27' title="bbox 150 3061 1268 3146; baseline -0.001 -20"><span class='ocrx_word' id='word_1_215' title='bbox 150 3063 334 3146; x_wconf 90' lang='lat' dir='ltr'>-Atque</span> <span class='ocrx_word' id='word_1_216' title='bbox 359 3062 425 3126; x_wconf 90' lang='lat' dir='ltr'>huc</span> <span class='ocrx_word' id='word_1_217' title='bbox 450 3081 654 3146; x_wconf 87' lang='lat' dir='ltr'>magnopere</span> <span class='ocrx_word' id='word_1_218' title='bbox 681 3061 822 3124; x_wconf 92' lang='lat' dir='ltr'>velimus</span> <span class='ocrx_word' id='word_1_219' title='bbox 848 3061 1027 3126; x_wconf 87' lang='lat' dir='ltr'>intendant</span> <span class='ocrx_word' id='word_1_220' title='bbox 1044 3063 1194 3126; x_wconf 89' lang='lat' dir='ltr'>animum</span> <span class='ocrx_word' id='word_1_221' title='bbox 1212 3065 1268 3144; x_wconf 92' lang='lat' dir='ltr'>qui</span> 
     </span>
     <span class='ocr_line' id='line_1_28' title="bbox 153 3163 1452 3256; baseline -0.003 -24"><span class='ocrx_word' id='word_1_222' title='bbox 153 3169 271 3250; x_wconf 87' lang='lat' dir='ltr'>regnis</span> <span class='ocrx_word' id='word_1_223' title='bbox 298 3175 458 3249; x_wconf 91' lang='lat' dir='ltr'>praesunt</span> <span class='ocrx_word' id='word_1_224' title='bbox 482 3174 516 3230; x_wconf 93' lang='lat' dir='ltr'>et</span> <span class='ocrx_word' id='word_1_225' title='bbox 542 3165 710 3249; x_wconf 90' lang='lat' dir='ltr'>imperiis:</span> <span class='ocrx_word' id='word_1_226' title='bbox 738 3163 835 3227; x_wconf 88' lang='lat' dir='ltr'>facile</span> <span class='ocrx_word' id='word_1_227' title='bbox 862 3164 951 3228; x_wconf 90' lang='lat' dir='ltr'>enirn</span> <span class='ocrx_word' id='word_1_228' title='bbox 981 3165 1179 3248; x_wconf 88' lang='lat' dir='ltr'>intelligent,</span> <span class='ocrx_word' id='word_1_229' title='bbox 1203 3185 1268 3228; x_wconf 91' lang='lat' dir='ltr'>non</span> <span class='ocrx_word' id='word_1_230' title='bbox 1350 3192 1452 3256; x_wconf 56' lang='lat' dir='ltr'>,psim-</span> 
     </span>
     <span class='ocr_line' id='line_1_29' title="bbox 152 3257 1448 3371; baseline -0.002 -35"><span class='ocrx_word' id='word_1_231' title='bbox 152 3271 329 3355; x_wconf 86' lang='lat' dir='ltr'>religionis</span> <span class='ocrx_word' id='word_1_232' title='bbox 345 3271 594 3348; x_wconf 91' lang='lat' dir='ltr'>tantummodo,</span> <span class='ocrx_word' id='word_1_233' title='bbox 606 3270 665 3334; x_wconf 91' lang='lat' dir='ltr'>sed</span> <span class='ocrx_word' id='word_1_234' title='bbox 677 3270 779 3334; x_wconf 91' lang='lat' dir='ltr'>etiam</span> <span class='ocrx_word' id='word_1_235' title='bbox 790 3269 937 3334; x_wconf 88' lang='lat' dir='ltr'>civitatis</span> <span class='ocrx_word' id='word_1_236' title='bbox 950 3271 1088 3333; x_wconf 87' lang='lat' dir='ltr'>omnino</span> <span class='ocrx_word' id='word_1_237' title='bbox 1101 3272 1271 3348; x_wconf 89' lang='lat' dir='ltr'>interesse,</span> <span class='ocrx_word' id='word_1_238' title='bbox 1297 3257 1448 3371; x_wconf 36' lang='lat' dir='ltr'>Quen&amp;</span> 
     </span>
     <span class='ocr_line' id='line_1_30' title="bbox 151 3358 1448 3464; baseline -0.005 -22"><span class='ocrx_word' id='word_1_239' title='bbox 151 3381 230 3442; x_wconf 87' lang='lat' dir='ltr'>vias</span> <span class='ocrx_word' id='word_1_240' title='bbox 246 3377 412 3460; x_wconf 87' lang='lat' dir='ltr'>impietati</span> <span class='ocrx_word' id='word_1_241' title='bbox 429 3377 645 3460; x_wconf 89' lang='lat' dir='ltr'>moribusque</span> <span class='ocrx_word' id='word_1_242' title='bbox 661 3377 781 3460; x_wconf 91' lang='lat' dir='ltr'>pravis,</span> <span class='ocrx_word' id='word_1_243' title='bbox 797 3396 840 3438; x_wconf 92' lang='lat' dir='ltr'>ne</span> <span class='ocrx_word' id='word_1_244' title='bbox 857 3375 943 3438; x_wconf 91' lang='lat' dir='ltr'>ultra</span> <span class='ocrx_word' id='word_1_245' title='bbox 959 3376 1154 3456; x_wconf 91' lang='lat' dir='ltr'>procedant,</span> <span class='ocrx_word' id='word_1_246' title='bbox 1171 3377 1270 3440; x_wconf 90' lang='lat' dir='ltr'>inter·</span> <span class='ocrx_word' id='word_1_247' title='bbox 1307 3358 1448 3464; x_wconf 63' lang='lat' dir='ltr'>Quodepe}</span> 
     </span>
     <span class='ocr_line' id='line_1_31' title="bbox 152 3453 1449 3582; baseline -0.003 -34"><span class='ocrx_word' id='word_1_248' title='bbox 152 3483 260 3549; x_wconf 89' lang='lat' dir='ltr'>cludi.</span> <span class='ocrx_word' id='word_1_249' title='bbox 284 3481 420 3546; x_wconf 91' lang='lat' dir='ltr'>Etenim</span> <span class='ocrx_word' id='word_1_250' title='bbox 446 3481 503 3546; x_wconf 94' lang='lat' dir='ltr'>ubi</span> <span class='ocrx_word' id='word_1_251' title='bbox 531 3482 724 3548; x_wconf 89' lang='lat' dir='ltr'>dominatur</span> <span class='ocrx_word' id='word_1_252' title='bbox 753 3481 918 3562; x_wconf 86' lang='lat' dir='ltr'>impietas,</span> <span class='ocrx_word' id='word_1_253' title='bbox 935 3480 980 3543; x_wconf 93' lang='lat' dir='ltr'>ibi</span> <span class='ocrx_word' id='word_1_254' title='bbox 997 3479 1198 3544; x_wconf 88' lang='lat' dir='ltr'>collabefieri</span> <span class='ocrx_word' id='word_1_255' title='bbox 1215 3501 1268 3544; x_wconf 88' lang='lat' dir='ltr'>ne·</span> <span class='ocrx_word' id='word_1_256' title='bbox 1298 3453 1449 3582; x_wconf 35' lang='lat' dir='ltr'>ms&amp;</span> 
     </span>
     <span class='ocr_line' id='line_1_32' title="bbox 153 3581 1424 3668; baseline -0.003 -16"><span class='ocrx_word' id='word_1_257' title='bbox 153 3605 254 3652; x_wconf 88' lang='lat' dir='ltr'>cesse</span> <span class='ocrx_word' id='word_1_258' title='bbox 268 3595 319 3649; x_wconf 89' lang='lat' dir='ltr'>est</span> <span class='ocrx_word' id='word_1_259' title='bbox 334 3586 551 3668; x_wconf 89' lang='lat' dir='ltr'>praecipuum</span> <span class='ocrx_word' id='word_1_260' title='bbox 569 3585 713 3649; x_wconf 87' lang='lat' dir='ltr'>civitatis</span> <span class='ocrx_word' id='word_1_261' title='bbox 726 3583 994 3659; x_wconf 82' lang='lat' dir='ltr'>fundamentum,</span> <span class='ocrx_word' id='word_1_262' title='bbox 1007 3585 1097 3666; x_wconf 92' lang='lat' dir='ltr'>quod</span> <span class='ocrx_word' id='word_1_263' title='bbox 1112 3581 1271 3664; x_wconf 89' lang='lat' dir='ltr'>religione</span> <span class='ocrx_word' id='word_1_264' title='bbox 1293 3583 1424 3661; x_wconf 36' lang='lat' dir='ltr'>pecusque·</span> 
     </span>
     <span class='ocr_line' id='line_1_33' title="bbox 153 3650 1444 3769; baseline -0.007 -12"><span class='ocrx_word' id='word_1_265' title='bbox 153 3701 194 3757; x_wconf 91' lang='lat' dir='ltr'>et</span> <span class='ocrx_word' id='word_1_266' title='bbox 209 3692 388 3754; x_wconf 88' lang='lat' dir='ltr'>honestate</span> <span class='ocrx_word' id='word_1_267' title='bbox 405 3709 534 3754; x_wconf 90' lang='lat' dir='ltr'>morum</span> <span class='ocrx_word' id='word_1_268' title='bbox 552 3689 765 3754; x_wconf 91' lang='lat' dir='ltr'>continetur:</span> <span class='ocrx_word' id='word_1_269' title='bbox 782 3687 991 3751; x_wconf 91' lang='lat' dir='ltr'>comminuta</span> <span class='ocrx_word' id='word_1_270' title='bbox 1008 3707 1087 3751; x_wconf 91' lang='lat' dir='ltr'>vero</span> <span class='ocrx_word' id='word_1_271' title='bbox 1103 3695 1271 3769; x_wconf 89' lang='lat' dir='ltr'>potestate</span> <span class='ocrx_word' id='word_1_272' title='bbox 1297 3650 1444 3709; x_wconf 67' lang='lat' dir='ltr'>armamus,</span> 
     </span>
     <span class='ocr_line' id='line_1_34' title="bbox 156 3789 1272 3875; baseline -0.004 -16"><span class='ocrx_word' id='word_1_273' title='bbox 156 3792 343 3872; x_wconf 87' lang='lat' dir='ltr'>Ecclesiae,</span> <span class='ocrx_word' id='word_1_274' title='bbox 360 3811 446 3875; x_wconf 90' lang='lat' dir='ltr'>quae</span> <span class='ocrx_word' id='word_1_275' title='bbox 468 3792 537 3856; x_wconf 89' lang='lat' dir='ltr'>vim</span> <span class='ocrx_word' id='word_1_276' title='bbox 564 3792 668 3857; x_wconf 85' lang='lat' dir='ltr'>habet</span> <span class='ocrx_word' id='word_1_277' title='bbox 693 3789 853 3872; x_wconf 90' lang='lat' dir='ltr'>alligandi</span> <span class='ocrx_word' id='word_1_278' title='bbox 881 3791 1078 3869; x_wconf 89' lang='lat' dir='ltr'>maximam,</span> <span class='ocrx_word' id='word_1_279' title='bbox 1094 3789 1204 3854; x_wconf 87' lang='lat' dir='ltr'>omnis</span> <span class='ocrx_word' id='word_1_280' title='bbox 1221 3799 1272 3854; x_wconf 93' lang='lat' dir='ltr'>est</span> 
     </span>
     <span class='ocr_line' id='line_1_35' title="bbox 156 3894 1273 3977; baseline -0.005 -15"><span class='ocrx_word' id='word_1_281' title='bbox 156 3897 257 3962; x_wconf 87' lang='lat' dir='ltr'>fluxa</span> <span class='ocrx_word' id='word_1_282' title='bbox 281 3916 320 3959; x_wconf 91' lang='lat' dir='ltr'>ac</span> <span class='ocrx_word' id='word_1_283' title='bbox 348 3895 435 3960; x_wconf 91' lang='lat' dir='ltr'>male</span> <span class='ocrx_word' id='word_1_284' title='bbox 462 3904 536 3960; x_wconf 90' lang='lat' dir='ltr'>tuta</span> <span class='ocrx_word' id='word_1_285' title='bbox 561 3894 674 3960; x_wconf 88' lang='lat' dir='ltr'>lutura</span> <span class='ocrx_word' id='word_1_286' title='bbox 701 3895 1133 3977; x_wconf 88' lang='lat' dir='ltr'>auctoritas.-Reputent</span> <span class='ocrx_word' id='word_1_287' title='bbox 1149 3903 1273 3968; x_wconf 90' lang='lat' dir='ltr'>autem,</span> 
     </span>
     <span class='ocr_line' id='line_1_36' title="bbox 156 3997 1451 4086; baseline -0.002 -20"><span class='ocrx_word' id='word_1_288' title='bbox 156 4009 331 4086; x_wconf 85' lang='lat' dir='ltr'>quotquot</span> <span class='ocrx_word' id='word_1_289' title='bbox 358 3997 482 4082; x_wconf 92' lang='lat' dir='ltr'>ubique</span> <span class='ocrx_word' id='word_1_290' title='bbox 513 4010 601 4078; x_wconf 91' lang='lat' dir='ltr'>sunt,</span> <span class='ocrx_word' id='word_1_291' title='bbox 631 3997 787 4064; x_wconf 90' lang='lat' dir='ltr'>catholici</span> <span class='ocrx_word' id='word_1_292' title='bbox 821 3999 902 4081; x_wconf 95' lang='lat' dir='ltr'>quid</span> <span class='ocrx_word' id='word_1_293' title='bbox 936 3999 1082 4080; x_wconf 87' lang='lat' dir='ltr'>agitetur</span> <span class='ocrx_word' id='word_1_294' title='bbox 1112 3997 1272 4061; x_wconf 89' lang='lat' dir='ltr'>adversus</span> <span class='ocrx_word' id='word_1_295' title='bbox 1320 4015 1451 4066; x_wconf 66' lang='lat' dir='ltr'>catholicos</span> 
     </span>
     <span class='ocr_line' id='line_1_37' title="bbox 158 4082 1434 4196; baseline -0.005 -24"><span class='ocrx_word' id='word_1_296' title='bbox 158 4105 383 4172; x_wconf 86' lang='lat' dir='ltr'>christianum</span> <span class='ocrx_word' id='word_1_297' title='bbox 402 4125 525 4169; x_wconf 88' lang='lat' dir='ltr'>nomen</span> <span class='ocrx_word' id='word_1_298' title='bbox 544 4105 705 4182; x_wconf 91' lang='lat' dir='ltr'>universe,</span> <span class='ocrx_word' id='word_1_299' title='bbox 721 4123 875 4188; x_wconf 92' lang='lat' dir='ltr'>quaeque</span> <span class='ocrx_word' id='word_1_300' title='bbox 907 4103 1106 4168; x_wconf 90' lang='lat' dir='ltr'>nominatim</span> <span class='ocrx_word' id='word_1_301' title='bbox 1126 4101 1159 4164; x_wconf 91' lang='lat' dir='ltr'>in</span> <span class='ocrx_word' id='word_1_302' title='bbox 1178 4101 1272 4185; x_wconf 89' lang='lat' dir='ltr'>Apo·</span> <span class='ocrx_word' id='word_1_303' title='bbox 1299 4082 1434 4196; x_wconf 37' lang='lat' dir='ltr'>&amp;rebam</span> 
     </span>
     <span class='ocr_line' id='line_1_38' title="bbox 159 4204 1432 4290; baseline -0.005 -15"><span class='ocrx_word' id='word_1_304' title='bbox 159 4207 321 4274; x_wconf 80' lang='lat' dir='ltr'>stolicam</span> <span class='ocrx_word' id='word_1_305' title='bbox 337 4207 451 4272; x_wconf 90' lang='lat' dir='ltr'>sedem</span> <span class='ocrx_word' id='word_1_306' title='bbox 468 4207 607 4274; x_wconf 90' lang='lat' dir='ltr'>consilia</span> <span class='ocrx_word' id='word_1_307' title='bbox 623 4216 805 4274; x_wconf 88' lang='lat' dir='ltr'>struantur:</span> <span class='ocrx_word' id='word_1_308' title='bbox 815 4206 1069 4290; x_wconf 90' lang='lat' dir='ltr'>coniunctisque</span> <span class='ocrx_word' id='word_1_309' title='bbox 1085 4204 1271 4269; x_wconf 92' lang='lat' dir='ltr'>Nobiscum</span> <span class='ocrx_word' id='word_1_310' title='bbox 1297 4213 1372 4262; x_wconf 73' lang='lat' dir='ltr'>enixe</span> <span class='ocrx_word' id='word_1_311' title='bbox 1390 4211 1432 4261; x_wconf 80' lang='lat' dir='ltr'>ad·</span> 
     </span>
    </p>
   </div>
   <div class='ocr_carea' id='block_1_6' title="bbox 158 4278 1427 4391">
    <p class='ocr_par' dir='ltr' id='par_1_7' title="bbox 158 4278 1427 4391">
     <span class='ocr_line' id='line_1_39' title="bbox 158 4278 1427 4391; baseline -0.013 -11"><span class='ocrx_word' id='word_1_312' title='bbox 158 4313 289 4380; x_wconf 86' lang='lat' dir='ltr'>animis</span> <span class='ocrx_word' id='word_1_313' title='bbox 304 4311 510 4377; x_wconf 87' lang='lat' dir='ltr'>contendant</span> <span class='ocrx_word' id='word_1_314' title='bbox 525 4331 635 4378; x_wconf 91' lang='lat' dir='ltr'>rerum</span> <span class='ocrx_word' id='word_1_315' title='bbox 659 4311 821 4377; x_wconf 90' lang='lat' dir='ltr'>malarum</span> <span class='ocrx_word' id='word_1_316' title='bbox 838 4308 1008 4386; x_wconf 88' lang='lat' dir='ltr'>audaciae,</span> <span class='ocrx_word' id='word_1_317' title='bbox 1024 4309 1181 4391; x_wconf 90' lang='lat' dir='ltr'>oppositu</span> <span class='ocrx_word' id='word_1_318' title='bbox 1194 4327 1272 4372; x_wconf 87' lang='lat' dir='ltr'>con·</span> <span class='ocrx_word' id='word_1_319' title='bbox 1298 4278 1427 4328; x_wconf 61' lang='lat' dir='ltr'>&#39;&#39;mam&#39;‘</span> 
     </span>
    </p>
   </div>
   <div class='ocr_carea' id='block_1_7' title="bbox 0 0 1652 4886">
    <p class='ocr_par' dir='ltr' id='par_1_8' title="bbox 0 0 1652 4886">
     <span class='ocr_line' id='line_1_40' title="bbox 0 0 1652 4886; baseline 0 0"><span class='ocrx_word' id='word_1_320' title='bbox 0 0 1652 4886; x_wconf 95' lang='lat' dir='ltr'> </span> 
     </span>
    </p>
   </div>
  </div>
 </body>
</html>
