3216 4880
407 227 479 313 296
532 243 715 296 nrrsrorr
733 243 942 294 aucrecrcr
963 232 983 262 '¹
1004 243 1178 298 rucuunn
1196 243 1359 297 sennan.
1379 219 1397 248 ”

404 391 501 456 rebus
513 391 764 458 considerandis
780 393 1115 478 contemplandisque
1132 395 1178 458 ita
1193 403 1353 470 versetur,
1362 401 1401 456 ut
1410 393 1502 456 etiam

403 495 605 562 documenta
621 498 732 579 capiat
749 497 894 562 melioris
918 498 1007 562 vitae
1021 499 1198 581 omnisque
1223 496 1386 562 alimenta
1409 499 1502 579 pieta·

403 599 453 663 tis.
471 599 591 682 Neque
607 600 696 664 enim
721 599 840 664 iisdem
858 601 956 664 rebus
980 603 1088 665 maius
1099 602 1284 684 quidquam
1295 610 1354 665 aut
1369 601 1502 666 admira-

402 701 502 766 bilius
517 713 578 781 est,
594 703 626 767 in
643 703 766 787 quibus
782 701 860 768 fidei
880 705 1081 770 christianae
1104 708 1245 769 vertitur
1260 725 1395 769 summa
1408 727 1416 783 ;
1431 724 1502 788 qua·

403 827 474 871 rum
492 809 617 874 lumine
629 829 669 872 ac
684 809 815 886 virtute,
831 811 953 874 veritas
960 821 996 875 et
1008 811 1134 876 iustitia
1149 821 1184 876 et
1199 831 1280 893 pax,
1295 829 1386 876 novo
1398 813 1432 874 in
1448 819 1502 874 ter-

403 912 446 974 ris
458 932 566 976 rerum
583 912 699 977 ordine
710 911 969 998 laetissimisque
985 933 1060 978 cum
1080 914 1252 992 lructibus,
1268 925 1503 996 processerunt.

235 1029 378 1105 lluauteqr
402 1052 446 1066 -
461 1015 546 1080 Cum
563 1015 626 1080 hoc
642 1015 723 1080 illud
740 1015 905 1092 cohaeret,
918 1017 1204 1100 quemadmodum
1216 1016 1355 1081 eaedem
1368 1035 1422 1080 res
1437 1037 1503 1099 gra-

255 1101 377 1208 mm
402 1119 557 1184 vissimae
571 1119 754 1184 cultoribus
771 1120 904 1184 Rosarii
921 1133 1153 1204 proponantur
1168 1120 1395 1199 ;eovidelicet
1409 1123 1505 1185 ruodo

216 1223 378 1302 finitumst
402 1225 457 1306 qui
474 1223 617 1306 ingeniis
638 1223 691 1288 vel
719 1223 931 1290 indoctorum
959 1226 1215 1290 accommodate
1240 1225 1431 1290 conveniat.
1448 1223 1504 1287 Est

223 1290 376 1404 summ
400 1328 489 1391 enirn
506 1329 553 1390 sic
584 1328 786 1408 institutum,
809 1349 876 1395 non
898 1330 996 1413 quasi
1028 1340 1262 1414 proponantur
1291 1331 1408 1414 capita
1434 1328 1503 1394 fidel

399 1434 647 1517 doctrinaeque
663 1433 915 1512 consideranda,
945 1435 1003 1498 sed
1035 1434 1148 1518 potius
1179 1435 1283 1500 veluti
1313 1435 1504 1519 usurpanda

397 1537 502 1601 oculis
514 1537 603 1602 sacta
618 1547 653 1602 et
665 1537 841 1603 recolenda
854 1557 957 1622 :quae
969 1539 1087 1604 iisdem
1104 1538 1174 1603 sere
1189 1547 1291 1622 atque
1312 1539 1504 1603 acciderunt

398 1639 487 1718 locis,
502 1643 718 1724 temporibus,
734 1643 894 1724 personis,
912 1641 1036 1720 oblata,
1053 1660 1095 1705 eo
1118 1641 1225 1725 magis
1242 1650 1359 1706 tenent
1376 1642 1504 1706 animos

397 1743 576 1828 utiliusque
604 1755 811 1827 permovent.
838 1743 939 1828 Quod
971 1753 1085 1810 autem
1116 1744 1237 1808 haeca
1263 1745 1391 1810 teneris
1408 1745 1502 1826 vulgo

396 1856 474 1910 sunt
490 1847 596 1911 indita
612 1849 733 1912 animis
749 1861 782 1912 et
799 1847 970 1930 impressa,
987 1847 1063 1912 ideo
1079 1846 1117 1911 fir
1128 1857 1174 1926 ut,
1190 1846 1331 1930 singulis
1347 1847 1502 1911 enuncia·

397 1950 439 2011 tis
457 1951 631 2030 mysteriis,
647 1953 890 2035 quisquis-vere
905 1962 956 2014 est
972 1951 1089 2014 orandi
1107 1950 1286 2026 studiosus,
1302 1949 1399 2013 nulla
1416 1969 1500 2030 pror·

396 2071 452 2114 sus
468 2053 675 2136 imaginandi
692 2055 917 2131 contentione,
932 2055 991 2118 sed
1002 2055 1101 2118 obvia
1114 2053 1320 2136 cogitatione
1336 2061 1373 2117 et
1383 2051 1501 2118 affectu

323 2163 327 2168 ’
397 2178 455 2241 per
471 2178 510 2221 ea
525 2160 698 2234 discurrat,
721 2160 922 2242 abundeque
949 2159 1012 2222 sibi
1029 2157 1180 2234 imbibat,
1196 2157 1360 2240 largiente
1390 2157 1505 2230 Maria,

266 2290 371 2352 Accepta
397 2283 504 2326 rorem
520 2265 649 2344 gratiae
674 2283 845 2345 supernae.
862 2301 905 2311 —
929 2261 1009 2327 Alia
1037 2269 1088 2325 est
1116 2269 1288 2344 praeterea
1317 2260 1393 2345 laus
1421 2279 1501 2344 quae

230 2369 246 2402 ⁰
256 2353 371 2477 my:
397 2369 585 2449 acceptiora
612 2369 700 2450 apud
718 2369 825 2450 ipsam
842 2386 882 2431 ea
897 2377 986 2431 serta
1002 2363 1103 2430 iaciat
1119 2374 1153 2429 et
1169 2363 1321 2447 praemio
1337 2365 1498 2448 digniora

218 2485 370 2563 revolutum
398 2468 511 2552 Quum
528 2472 617 2534 enim
649 2483 780 2536 ternum
813 2472 1047 2561 mypteriorum
1071 2467 1225 2532 ordinem
1253 2469 1310 2552 pii
1341 2469 1502 2534 memoria

231 2557 369 2612 granam.
397 2575 605 2656 replicamus,
621 2576 698 2640 inde
721 2576 909 2648 testatiora
926 2574 1022 2638 nobis
1045 2582 1142 2638 extat
1157 2580 1274 2654 gratae
1297 2591 1380 2655 erga
1397 2573 1500 2655 ipsam

218 2615 372 2730 ddllrlllllr·
396 2673 530 2740 affectio
539 2677 721 2742 voluntatis
740 2699 747 2756 ;
764 2679 810 2742 ita
826 2677 982 2740 nimirum
996 2673 1240 2759 profitentibus,
1256 2693 1433 2757 nunquam
1445 2694 1500 2738 nos

234 2751 371 2872 ,ᾖξ’
396 2779 524 2859 expleri
555 2779 794 2844 beneficiorum
826 2778 1066 2854 recordatione,
1095 2779 1218 2860 quibus
1248 2775 1395 2842 salutern
1432 2779 1502 2860 ipsa

247 2891 298 2938 gno
310 2877 368 2925 rnre
396 2891 543 2944 nostram
555 2882 750 2965 inexplebili
766 2893 817 2946 est
833 2883 972 2946 caritate
983 2880 1171 2964 complexa
1187 2879 1377 2945 Tantarum
1389 2893 1499 2948 autem

213 2941 369 3068 gaustssfi‘asr‘f
396 2997 624 3071 monumenta
635 3007 742 3050 rerum
760 2987 949 3070 frequenter
964 2986 998 3049 in
1015 2987 1085 3050 eius
1098 2993 1281 3066 conspectu
1308 2985 1500 3070 diligenter·

231 3070 370 3198 Ᾰὶξζζζῇῗὶἷ
395 3109 460 3172 que
490 3089 665 3168 celebrata,
689 3092 747 3153 vix
768 3091 967 3155 adumbrare
994 3089 1175 3173 cogitando
1205 3107 1387 3171 possumus
1413 3089 1498 3173 quali

285 3203 369 3279 beuter
395 3194 527 3257 beatam
544 3194 648 3274 ipsius
664 3195 811 3258 animam
828 3214 932 3276 usque
948 3213 1056 3257 novae
1070 3191 1218 3256 laetitiae
1234 3190 1413 3275 voluptate
1429 3211 1497 3276 per·

215 3267 325 3326 “m''
394 3297 547 3372 fundant,
562 3309 594 3360 et
607 3317 691 3380 quos
707 3300 791 3361 inea
806 3317 922 3361 sensus
934 3297 1142 3361 exsuscitent
1155 3295 1389 3378 providentiae
1402 3297 1499 3361 bene·

394 3400 612 3484 ficentiaeque
630 3415 807 3466 maternae.
825 3403 939 3484 Atque
955 3403 1041 3466 adeo
1064 3420 1108 3463 ex
1125 3399 1243 3462 iisdem
1261 3400 1495 3464 recordationi·

392 3505 453 3570 bus
465 3508 688 3590 consequitur,
702 3520 737 3571 ut
753 3509 945 3590 imploratio
958 3515 1073 3570 nostra
1082 3503 1369 3569 vehementiorem
1383 3523 1495 3586 quem·

391 3613 469 3674 darn
483 3613 634 3676 ardorem
651 3615 818 3696 concipiat
834 3621 868 3676 et
885 3615 951 3676 vim
965 3613 1081 3675 induat
1093 3609 1292 3674 obsecrandi
1305 3607 1373 3672 :sic
1389 3609 1499 3692 plane,

391 3723 427 3776 ut
443 3724 524 3794 quot
555 3714 749 3798 singulatim
767 3715 981 3780 revolvuntur
998 3715 1165 3795 mysteria,
1188 3710 1331 3776 totidem
1354 3710 1495 3776 subeant

390 3816 629 3880 obsecrationis
654 3831 862 3900 argumenta,
877 3837 958 3882 sane
973 3816 1064 3901 apud
1083 3815 1260 3898 Virginem
1287 3823 1493 3898 quantopere

390 3919 539 3984 valitura
570 3919 703 4002 Nempe
733 3921 776 3984 ad
804 3933 838 3984 te
858 3919 1083 4002 confugimus,
1106 3928 1224 3982 sancta
1249 3915 1315 3981 Dei
1348 3917 1496 3982 Parens:

391 4021 528 4086 miseros
546 4021 663 4086 Hevae
679 4021 765 4086 filios
782 4043 823 4087 ne
844 4023 1038 4105 despexeris
1056 4021 1062 4084 l
1081 4021 1130 4085 Te
1147 4039 1314 4102 rogamus,
1330 4017 1492 4086 Concilia-

373 4199 374 4202 Ἴ
389 4123 458 4186 trix
467 4123 583 4189 salutis
600 4137 733 4190 nostrae
749 4147 855 4210 aeque
882 4137 1002 4209 potens
1018 4133 1052 4189 et
1067 4125 1214 4189 clemens
1229 4144 1238 4201 3
1253 4133 1296 4199 te,
1312 4142 1373 4206 per
1387 4121 1491 4186 suavi·

389 4238 493 4290 tatem
506 4229 703 4308 gaudiorum
718 4249 763 4293 ex
777 4231 865 4296 IESU
877 4229 963 4294 Filio
973 4238 1174 4311 perceptam,
1185 4246 1243 4309 per
1256 4225 1411 4292 dolorum
1425 4225 1493 4290 eius
