<?xml version="1.0" encoding="UTF-8"?>
<!DOCTYPE html PUBLIC "-//W3C//DTD XHTML 1.0 Transitional//EN"
    "http://www.w3.org/TR/xhtml1/DTD/xhtml1-transitional.dtd">
<html xmlns="http://www.w3.org/1999/xhtml" xml:lang="en" lang="en">
 <head>
  <title>
</title>
<meta http-equiv="Content-Type" content="text/html;charset=utf-8" />
  <meta name='ocr-system' content='tesseract 3.04.00' />
  <meta name='ocr-capabilities' content='ocr_page ocr_carea ocr_par ocr_line ocrx_word'/>
</head>
<body>
  <div class='ocr_page' id='page_1' title='image "./sanctissimidomi01xiiigoog_0116.png"; bbox 0 0 3250 4888; ppageno 0'>
   <div class='ocr_carea' id='block_1_1' title="bbox 478 300 1246 372">
    <p class='ocr_par' dir='ltr' id='par_1_1' title="bbox 478 300 1246 372">
     <span class='ocr_line' id='line_1_1' title="bbox 478 300 1246 372; baseline -0.008 -10"><span class='ocrx_word' id='word_1_1' title='bbox 478 310 529 362; x_wconf 80' lang='lat' dir='ltr'>DE</span> <span class='ocrx_word' id='word_1_2' title='bbox 556 309 720 362; x_wconf 80' lang='lat' dir='ltr'>ROSARIO</span> <span class='ocrx_word' id='word_1_3' title='bbox 746 307 917 360; x_wconf 83' lang='lat' dir='ltr'><strong>MARIALI.</strong></span> <span class='ocrx_word' id='word_1_4' title='bbox 1179 300 1246 372; x_wconf 91' lang='lat'>107</span> 
     </span>
    </p>
   </div>
   <div class='ocr_carea' id='block_1_2' title="bbox 132 453 1415 585">
    <p class='ocr_par' dir='ltr' id='par_1_2' title="bbox 132 453 1415 585">
     <span class='ocr_line' id='line_1_2' title="bbox 132 453 1415 585; baseline -0.005 -63"><span class='ocrx_word' id='word_1_5' title='bbox 132 457 281 524; x_wconf 84' lang='lat' dir='ltr'>fructum</span> <span class='ocrx_word' id='word_1_6' title='bbox 296 457 350 522; x_wconf 89' lang='lat' dir='ltr'>vel</span> <span class='ocrx_word' id='word_1_7' title='bbox 374 457 610 524; x_wconf 85' lang='lat' dir='ltr'><strong>levamentum.</strong></span> <span class='ocrx_word' id='word_1_8' title='bbox 628 457 684 522; x_wconf 85' lang='lat' dir='ltr'>Ex</span> <span class='ocrx_word' id='word_1_9' title='bbox 700 477 768 542; x_wconf 91' lang='lat' dir='ltr'>quo</span> <span class='ocrx_word' id='word_1_10' title='bbox 785 477 863 539; x_wconf 88' lang='lat' dir='ltr'>spes</span> <span class='ocrx_word' id='word_1_11' title='bbox 878 455 998 520; x_wconf 88' lang='lat' dir='ltr'>eadem</span> <span class='ocrx_word' id='word_1_12' title='bbox 1016 455 1124 520; x_wconf 89' lang='lat' dir='ltr'>Nobis</span> <span class='ocrx_word' id='word_1_13' title='bbox 1141 453 1248 519; x_wconf 93' lang='lat' dir='ltr'>multo</span> <span class='ocrx_word' id='word_1_14' title='bbox 1270 455 1415 585; x_wconf 55' lang='lat' dir='ltr'>;mm</span> 
     </span>
    </p>
   </div>
   <div class='ocr_carea' id='block_1_3' title="bbox 130 558 1395 776">
    <p class='ocr_par' dir='ltr' id='par_1_3' title="bbox 130 558 1395 776">
     <span class='ocr_line' id='line_1_3' title="bbox 132 558 1394 651; baseline -0.009 -23"><span class='ocrx_word' id='word_1_15' title='bbox 132 582 224 628; x_wconf 90' lang='lat' dir='ltr'>nunc</span> <span class='ocrx_word' id='word_1_16' title='bbox 234 563 342 646; x_wconf 82' lang='lat' dir='ltr'><strong>surgit</strong></span> <span class='ocrx_word' id='word_1_17' title='bbox 352 563 492 628; x_wconf 77' lang='lat' dir='ltr'>erectior</span> <span class='ocrx_word' id='word_1_18' title='bbox 503 558 546 626; x_wconf 90' lang='lat' dir='ltr'>ad</span> <span class='ocrx_word' id='word_1_19' title='bbox 569 561 664 645; x_wconf 90' lang='lat' dir='ltr'>plura</span> <span class='ocrx_word' id='word_1_20' title='bbox 680 562 874 643; x_wconf 89' lang='lat' dir='ltr'>maioraque</span> <span class='ocrx_word' id='word_1_21' title='bbox 889 559 1024 643; x_wconf 82' lang='lat' dir='ltr'>auspice</span> <span class='ocrx_word' id='word_1_22' title='bbox 1039 558 1097 623; x_wconf 92' lang='lat' dir='ltr'>illa</span> <span class='ocrx_word' id='word_1_23' title='bbox 1120 569 1154 623; x_wconf 89' lang='lat' dir='ltr'>et</span> <span class='ocrx_word' id='word_1_24' title='bbox 1170 577 1248 622; x_wconf 89' lang='lat' dir='ltr'>con·</span> <span class='ocrx_word' id='word_1_25' title='bbox 1272 586 1394 651; x_wconf 75' lang='lat' dir='ltr'>expetitu·</span> 
     </span>
     <span class='ocr_line' id='line_1_4' title="bbox 130 662 1395 776; baseline -0.01 -42"><span class='ocrx_word' id='word_1_26' title='bbox 130 667 305 745; x_wconf 89' lang='lat' dir='ltr'>ciliatrice,</span> <span class='ocrx_word' id='word_1_27' title='bbox 324 667 526 750; x_wconf 89' lang='lat' dir='ltr'>expetenda,</span> <span class='ocrx_word' id='word_1_28' title='bbox 560 685 647 750; x_wconf 87' lang='lat' dir='ltr'>quae</span> <span class='ocrx_word' id='word_1_29' title='bbox 671 666 795 748; x_wconf 88' lang='lat' dir='ltr'>pariter</span> <span class='ocrx_word' id='word_1_30' title='bbox 816 663 915 729; x_wconf 91' lang='lat' dir='ltr'>saluti</span> <span class='ocrx_word' id='word_1_31' title='bbox 939 663 1113 735; x_wconf 89' lang='lat' dir='ltr'>christiani</span> <span class='ocrx_word' id='word_1_32' title='bbox 1137 662 1248 746; x_wconf 86' lang='lat' dir='ltr'>gregis</span> <span class='ocrx_word' id='word_1_33' title='bbox 1274 667 1325 768; x_wconf 44' lang='grc' dir='ltr'><em>ᾗ</em></span> <span class='ocrx_word' id='word_1_34' title='bbox 1349 667 1395 776; x_wconf 42' lang='lat' dir='ltr'>&#39;ga&#39;</span> 
     </span>
    </p>
   </div>
   <div class='ocr_carea' id='block_1_4' title="bbox 130 765 1427 854">
    <p class='ocr_par' dir='ltr' id='par_1_4' title="bbox 130 765 1427 854">
     <span class='ocr_line' id='line_1_5' title="bbox 130 765 1427 854; baseline -0.005 -18"><span class='ocrx_word' id='word_1_35' title='bbox 130 769 428 854; x_wconf 70' lang='lat' dir='ltr'>atque&#39;Ecclesiae</span> <span class='ocrx_word' id='word_1_36' title='bbox 445 770 572 854; x_wconf 89' lang='lat' dir='ltr'>gloriae</span> <span class='ocrx_word' id='word_1_37' title='bbox 595 769 747 834; x_wconf 88' lang='lat' dir='ltr'>lelicibus</span> <span class='ocrx_word' id='word_1_38' title='bbox 771 767 987 834; x_wconf 78' lang='lat' dir='ltr'>incrementis</span> <span class='ocrx_word' id='word_1_39' title='bbox 1003 765 1189 848; x_wconf 84' lang='lat' dir='ltr'>proficiant.</span> <span class='ocrx_word' id='word_1_40' title='bbox 1205 803 1248 816; x_wconf 90' lang='lat'>—</span> <span class='ocrx_word' id='word_1_41' title='bbox 1274 798 1358 832; x_wconf 68' lang='lat' dir='ltr'>amus</span> <span class='ocrx_word' id='word_1_42' title='bbox 1370 797 1427 831; x_wconf 76' lang='lat' dir='ltr'>suos</span> 
     </span>
    </p>
   </div>
   <div class='ocr_carea' id='block_1_5' title="bbox 134 847 1427 962">
    <p class='ocr_par' dir='ltr' id='par_1_5' title="bbox 134 847 1427 962">
     <span class='ocr_line' id='line_1_6' title="bbox 134 847 1427 962; baseline -0.013 -19"><span class='ocrx_word' id='word_1_43' title='bbox 134 875 200 942; x_wconf 81' lang='lat' dir='ltr'>Est</span> <span class='ocrx_word' id='word_1_44' title='bbox 224 873 326 957; x_wconf 88' lang='lat' dir='ltr'>igitur</span> <span class='ocrx_word' id='word_1_45' title='bbox 348 883 438 938; x_wconf 91' lang='lat' dir='ltr'>recte</span> <span class='ocrx_word' id='word_1_46' title='bbox 454 881 723 956; x_wconf 82' lang='lat' dir='ltr'>opportuneque,</span> <span class='ocrx_word' id='word_1_47' title='bbox 741 871 961 937; x_wconf 87' lang='lat' dir='ltr'>Venerabiles</span> <span class='ocrx_word' id='word_1_48' title='bbox 989 868 1247 952; x_wconf 71' lang='lat' dir='ltr'>Fratresquod</span> <span class='ocrx_word' id='word_1_49' title='bbox 1274 847 1427 962; x_wconf 37' lang='lat' dir='ltr'>filum*</span> 
     </span>
    </p>
   </div>
   <div class='ocr_carea' id='block_1_6' title="bbox 129 974 1381 1163">
    <p class='ocr_par' dir='ltr' id='par_1_6' title="bbox 129 974 1381 1163">
     <span class='ocr_line' id='line_1_7' title="bbox 129 974 1381 1062; baseline -0.012 -19"><span class='ocrx_word' id='word_1_50' title='bbox 129 978 355 1044; x_wconf 88' lang='lat' dir='ltr'>incitamenta</span> <span class='ocrx_word' id='word_1_51' title='bbox 370 978 536 1062; x_wconf 82' lang='lat' dir='ltr'>quaedam</span> <span class='ocrx_word' id='word_1_52' title='bbox 561 977 723 1041; x_wconf 88' lang='lat' dir='ltr'>universis</span> <span class='ocrx_word' id='word_1_53' title='bbox 739 974 815 1040; x_wconf 87' lang='lat' dir='ltr'>filiis</span> <span class='ocrx_word' id='word_1_54' title='bbox 837 974 980 1050; x_wconf 90' lang='lat' dir='ltr'>Nostris,</span> <span class='ocrx_word' id='word_1_55' title='bbox 1005 983 1166 1041; x_wconf 91' lang='lat' dir='ltr'>renovata</span> <span class='ocrx_word' id='word_1_56' title='bbox 1190 993 1249 1056; x_wconf 88' lang='lat' dir='ltr'>per</span> <span class='ocrx_word' id='word_1_57' title='bbox 1275 979 1381 1028; x_wconf 68' lang='lat' dir='ltr'>Rosam·</span> 
     </span>
     <span class='ocr_line' id='line_1_8' title="bbox 131 1046 1380 1163; baseline -0.006 -15"><span class='ocrx_word' id='word_1_58' title='bbox 131 1101 197 1148; x_wconf 84' lang='lat' dir='ltr'>vos</span> <span class='ocrx_word' id='word_1_59' title='bbox 207 1080 408 1159; x_wconf 80' lang='lat' dir='ltr'>hortatione,</span> <span class='ocrx_word' id='word_1_60' title='bbox 422 1081 653 1162; x_wconf 82' lang='lat' dir='ltr'>adhibeamus,</span> <span class='ocrx_word' id='word_1_61' title='bbox 668 1091 706 1146; x_wconf 93' lang='lat' dir='ltr'>ut</span> <span class='ocrx_word' id='word_1_62' title='bbox 721 1082 894 1146; x_wconf 86' lang='lat' dir='ltr'>octobrem</span> <span class='ocrx_word' id='word_1_63' title='bbox 910 1080 1113 1163; x_wconf 86' lang='lat' dir='ltr'>proximum,</span> <span class='ocrx_word' id='word_1_64' title='bbox 1131 1078 1246 1143; x_wconf 90' lang='lat' dir='ltr'>Domi·</span> <span class='ocrx_word' id='word_1_65' title='bbox 1275 1046 1380 1094; x_wconf 56' lang='lat' dir='ltr'>‘uum</span> 
     </span>
    </p>
   </div>
   <div class='ocr_carea' id='block_1_7' title="bbox 130 1183 1428 1668">
    <p class='ocr_par' dir='ltr' id='par_1_7' title="bbox 130 1183 1428 1668">
     <span class='ocr_line' id='line_1_9' title="bbox 132 1183 1248 1270; baseline -0.004 -20"><span class='ocrx_word' id='word_1_66' title='bbox 132 1204 201 1251; x_wconf 86' lang='lat' dir='ltr'>nae</span> <span class='ocrx_word' id='word_1_67' title='bbox 224 1194 358 1250; x_wconf 91' lang='lat' dir='ltr'>nostrae</span> <span class='ocrx_word' id='word_1_68' title='bbox 382 1195 417 1250; x_wconf 91' lang='lat' dir='ltr'>et</span> <span class='ocrx_word' id='word_1_69' title='bbox 441 1184 593 1268; x_wconf 77' lang='lat' dir='ltr'>Reginae</span> <span class='ocrx_word' id='word_1_70' title='bbox 619 1195 818 1270; x_wconf 79' lang='lat' dir='ltr'>augustaea</span> <span class='ocrx_word' id='word_1_71' title='bbox 845 1184 987 1249; x_wconf 82' lang='lat' dir='ltr'>Rosario</span> <span class='ocrx_word' id='word_1_72' title='bbox 1011 1203 1152 1258; x_wconf 91' lang='lat' dir='ltr'>sacrum,</span> <span class='ocrx_word' id='word_1_73' title='bbox 1168 1183 1248 1247; x_wconf 86' lang='lat' dir='ltr'>vivi·</span> 
     </span>
     <span class='ocr_line' id='line_1_10' title="bbox 130 1289 1249 1374; baseline -0.004 -20"><span class='ocrx_word' id='word_1_74' title='bbox 130 1289 231 1355; x_wconf 87' lang='lat' dir='ltr'>diore</span> <span class='ocrx_word' id='word_1_75' title='bbox 246 1290 381 1373; x_wconf 87' lang='lat' dir='ltr'>pietatis</span> <span class='ocrx_word' id='word_1_76' title='bbox 396 1289 552 1366; x_wconf 88' lang='lat' dir='ltr'>sollertia,</span> <span class='ocrx_word' id='word_1_77' title='bbox 567 1310 669 1373; x_wconf 92' lang='lat' dir='ltr'>quam</span> <span class='ocrx_word' id='word_1_78' title='bbox 681 1291 896 1356; x_wconf 84' lang='lat' dir='ltr'>necessitates</span> <span class='ocrx_word' id='word_1_79' title='bbox 906 1291 1174 1374; x_wconf 88' lang='lat' dir='ltr'>ingravescentes</span> <span class='ocrx_word' id='word_1_80' title='bbox 1190 1307 1249 1351; x_wconf 89' lang='lat' dir='ltr'>ex·</span> 
     </span>
     <span class='ocr_line' id='line_1_11' title="bbox 133 1394 657 1478; baseline 0.002 -21"><span class='ocrx_word' id='word_1_81' title='bbox 133 1405 293 1478; x_wconf 88' lang='lat' dir='ltr'>poscunt,</span> <span class='ocrx_word' id='word_1_82' title='bbox 307 1394 467 1460; x_wconf 85' lang='lat' dir='ltr'>studeant</span> <span class='ocrx_word' id='word_1_83' title='bbox 481 1395 657 1460; x_wconf 86' lang='lat' dir='ltr'>celebrare.</span> 
     </span>
     <span class='ocr_line' id='line_1_12' title="bbox 181 1494 1428 1587; baseline -0.003 -25"><span class='ocrx_word' id='word_1_84' title='bbox 181 1494 293 1580; x_wconf 85' lang='lat' dir='ltr'>Quam</span> <span class='ocrx_word' id='word_1_85' title='bbox 320 1497 433 1563; x_wconf 89' lang='lat' dir='ltr'>multis</span> <span class='ocrx_word' id='word_1_86' title='bbox 461 1507 495 1564; x_wconf 90' lang='lat' dir='ltr'>et</span> <span class='ocrx_word' id='word_1_87' title='bbox 524 1497 647 1581; x_wconf 89' lang='lat' dir='ltr'>quibus</span> <span class='ocrx_word' id='word_1_88' title='bbox 671 1497 935 1581; x_wconf 87' lang='lat' dir='ltr'>corruptelarum</span> <span class='ocrx_word' id='word_1_89' title='bbox 953 1495 1077 1563; x_wconf 86' lang='lat' dir='ltr'>modis</span> <span class='ocrx_word' id='word_1_90' title='bbox 1100 1495 1250 1580; x_wconf 87' lang='lat' dir='ltr'>nequitia</span> <span class='ocrx_word' id='word_1_91' title='bbox 1309 1508 1428 1587; x_wconf 51' lang='lat' dir='ltr'>amaseae</span> 
     </span>
     <span class='ocr_line' id='line_1_13' title="bbox 133 1573 1417 1668; baseline -0.002 -2"><span class='ocrx_word' id='word_1_92' title='bbox 133 1601 261 1666; x_wconf 88' lang='lat' dir='ltr'>saeculi</span> <span class='ocrx_word' id='word_1_93' title='bbox 292 1621 333 1666; x_wconf 91' lang='lat' dir='ltr'>eo</span> <span class='ocrx_word' id='word_1_94' title='bbox 357 1600 520 1668; x_wconf 80' lang='lat' dir='ltr'>fallaciter</span> <span class='ocrx_word' id='word_1_95' title='bbox 545 1603 738 1668; x_wconf 83' lang='lat' dir='ltr'>connitatur</span> <span class='ocrx_word' id='word_1_96' title='bbox 768 1613 805 1667; x_wconf 91' lang='lat' dir='ltr'>ut</span> <span class='ocrx_word' id='word_1_97' title='bbox 832 1601 1049 1667; x_wconf 88' lang='lat' dir='ltr'>christianam</span> <span class='ocrx_word' id='word_1_98' title='bbox 1082 1598 1183 1666; x_wconf 90' lang='lat' dir='ltr'>fidem</span> <span class='ocrx_word' id='word_1_99' title='bbox 1208 1611 1241 1665; x_wconf 90' lang='lat' dir='ltr'>et</span> <span class='ocrx_word' id='word_1_100' title='bbox 1275 1573 1336 1637; x_wconf 69' lang='lat'>&#39;‘³‘&#39;</span> <span class='ocrx_word' id='word_1_101' title='bbox 1350 1575 1417 1624; x_wconf 64' lang='lat'>‘²²⁰²&#39;</span> 
     </span>
    </p>
   </div>
   <div class='ocr_carea' id='block_1_8' title="bbox 1244 1639 1411 1694">
    <p class='ocr_par' dir='ltr' id='par_1_8' title="bbox 1244 1639 1411 1694">
     <span class='ocr_line' id='line_1_14' title="bbox 1244 1639 1411 1694; baseline 0.024 -9"><span class='ocrx_word' id='word_1_102' title='bbox 1244 1661 1250 1685; x_wconf 69' lang='lat'><em>2</em></span> <span class='ocrx_word' id='word_1_103' title='bbox 1276 1655 1323 1690; x_wconf 84' lang='lat' dir='ltr'>nar</span> <span class='ocrx_word' id='word_1_104' title='bbox 1334 1639 1411 1694; x_wconf 81' lang='lat' dir='ltr'>obser·</span> 
     </span>
    </p>
   </div>
   <div class='ocr_carea' id='block_1_9' title="bbox 133 1703 1410 1902">
    <p class='ocr_par' dir='ltr' id='par_1_9' title="bbox 133 1703 1410 1902">
     <span class='ocr_line' id='line_1_15' title="bbox 133 1703 1406 1789; baseline 0.001 -21"><span class='ocrx_word' id='word_1_105' title='bbox 133 1723 225 1788; x_wconf 90' lang='lat' dir='ltr'>quae</span> <span class='ocrx_word' id='word_1_106' title='bbox 236 1703 344 1787; x_wconf 89' lang='lat' dir='ltr'>ipsam</span> <span class='ocrx_word' id='word_1_107' title='bbox 356 1707 460 1770; x_wconf 86' lang='lat' dir='ltr'>nutrit</span> <span class='ocrx_word' id='word_1_108' title='bbox 470 1715 650 1789; x_wconf 89' lang='lat' dir='ltr'>movetque</span> <span class='ocrx_word' id='word_1_109' title='bbox 660 1705 694 1770; x_wconf 91' lang='lat' dir='ltr'>in</span> <span class='ocrx_word' id='word_1_110' title='bbox 707 1704 841 1784; x_wconf 82' lang='lat' dir='ltr'>fructus,</span> <span class='ocrx_word' id='word_1_111' title='bbox 858 1705 1106 1770; x_wconf 86' lang='lat' dir='ltr'>observantiam</span> <span class='ocrx_word' id='word_1_112' title='bbox 1117 1705 1250 1769; x_wconf 87' lang='lat' dir='ltr'>divinae</span> <span class='ocrx_word' id='word_1_113' title='bbox 1275 1706 1406 1784; x_wconf 38' lang='lat' dir='ltr'>raetiam·</span> 
     </span>
     <span class='ocr_line' id='line_1_16' title="bbox 133 1770 1410 1902; baseline -0.002 -30"><span class='ocrx_word' id='word_1_114' title='bbox 133 1807 231 1890; x_wconf 83' lang='lat' dir='ltr'>legis,</span> <span class='ocrx_word' id='word_1_115' title='bbox 246 1806 399 1872; x_wconf 90' lang='lat' dir='ltr'>debilitet</span> <span class='ocrx_word' id='word_1_116' title='bbox 423 1827 462 1872; x_wconf 87' lang='lat' dir='ltr'>ac</span> <span class='ocrx_word' id='word_1_117' title='bbox 477 1827 614 1902; x_wconf 90' lang='lat' dir='ltr'>prorsus</span> <span class='ocrx_word' id='word_1_118' title='bbox 639 1807 762 1874; x_wconf 90' lang='lat' dir='ltr'>evellat</span> <span class='ocrx_word' id='word_1_119' title='bbox 777 1827 822 1874; x_wconf 85' lang='lat' dir='ltr'>ex</span> <span class='ocrx_word' id='word_1_120' title='bbox 846 1809 976 1886; x_wconf 90' lang='lat' dir='ltr'>animis,</span> <span class='ocrx_word' id='word_1_121' title='bbox 991 1809 1058 1872; x_wconf 89' lang='lat' dir='ltr'>iam</span> <span class='ocrx_word' id='word_1_122' title='bbox 1082 1817 1177 1891; x_wconf 90' lang='lat' dir='ltr'>patet</span> <span class='ocrx_word' id='word_1_123' title='bbox 1200 1808 1249 1870; x_wconf 91' lang='lat' dir='ltr'>ni·</span> <span class='ocrx_word' id='word_1_124' title='bbox 1274 1770 1410 1898; x_wconf 55' lang='lat' dir='ltr'>ffl&#39;lss,</span> 
     </span>
    </p>
   </div>
   <div class='ocr_carea' id='block_1_10' title="bbox 133 1909 1427 2306">
    <p class='ocr_par' dir='ltr' id='par_1_10' title="bbox 133 1909 1427 2306">
     <span class='ocr_line' id='line_1_17' title="bbox 134 1909 1427 2018; baseline 0 -42"><span class='ocrx_word' id='word_1_125' title='bbox 134 1911 266 1976; x_wconf 84' lang='lat' dir='ltr'>mium&#39;:</span> <span class='ocrx_word' id='word_1_126' title='bbox 297 1911 432 1996; x_wconf 90' lang='lat' dir='ltr'>iamque</span> <span class='ocrx_word' id='word_1_127' title='bbox 461 1912 587 1995; x_wconf 89' lang='lat' dir='ltr'>passim</span> <span class='ocrx_word' id='word_1_128' title='bbox 618 1913 807 1976; x_wconf 90' lang='lat' dir='ltr'>dominicus</span> <span class='ocrx_word' id='word_1_129' title='bbox 838 1930 926 1994; x_wconf 85' lang='lat' dir='ltr'>ager,</span> <span class='ocrx_word' id='word_1_130' title='bbox 955 1911 1127 1976; x_wconf 89' lang='lat' dir='ltr'>teterrima</span> <span class='ocrx_word' id='word_1_131' title='bbox 1158 1909 1249 1976; x_wconf 91' lang='lat' dir='ltr'>velut</span> <span class='ocrx_word' id='word_1_132' title='bbox 1273 1909 1427 2018; x_wconf 50' lang='lat' dir='ltr'>{mffi</span> 
     </span>
     <span class='ocr_line' id='line_1_18' title="bbox 135 2013 1426 2099; baseline 0.004 -20"><span class='ocrx_word' id='word_1_133' title='bbox 135 2013 276 2080; x_wconf 85' lang='lat' dir='ltr'>afflatus</span> <span class='ocrx_word' id='word_1_134' title='bbox 291 2014 355 2094; x_wconf 90' lang='lat' dir='ltr'>lue,</span> <span class='ocrx_word' id='word_1_135' title='bbox 370 2017 581 2099; x_wconf 82' lang='lat' dir='ltr'>ignoratione</span> <span class='ocrx_word' id='word_1_136' title='bbox 597 2015 684 2093; x_wconf 87' lang='lat' dir='ltr'>fidei,</span> <span class='ocrx_word' id='word_1_137' title='bbox 700 2017 874 2094; x_wconf 87' lang='lat' dir='ltr'>erroribus,</span> <span class='ocrx_word' id='word_1_138' title='bbox 897 2015 986 2081; x_wconf 86' lang='lat' dir='ltr'>uitiis</span> <span class='ocrx_word' id='word_1_139' title='bbox 1002 2014 1248 2098; x_wconf 83' lang='lat' dir='ltr'>propemodum</span> <span class='ocrx_word' id='word_1_140' title='bbox 1276 2032 1330 2082; x_wconf 68' lang='lat' dir='ltr'>Dei</span> <span class='ocrx_word' id='word_1_141' title='bbox 1344 2039 1368 2082; x_wconf 81' lang='lat' dir='ltr'>er</span> <span class='ocrx_word' id='word_1_142' title='bbox 1378 2035 1426 2084; x_wconf 79' lang='lat' dir='ltr'>Ec·</span> 
     </span>
     <span class='ocr_line' id='line_1_19' title="bbox 135 2098 1426 2215; baseline 0.001 -34"><span class='ocrx_word' id='word_1_143' title='bbox 135 2116 293 2185; x_wconf 86' lang='lat' dir='ltr'>silvescit.</span> <span class='ocrx_word' id='word_1_144' title='bbox 306 2118 407 2204; x_wconf 84' lang='lat' dir='ltr'>Quod</span> <span class='ocrx_word' id='word_1_145' title='bbox 423 2140 502 2185; x_wconf 88' lang='lat' dir='ltr'>vero</span> <span class='ocrx_word' id='word_1_146' title='bbox 514 2121 558 2186; x_wconf 91' lang='lat' dir='ltr'>ad</span> <span class='ocrx_word' id='word_1_147' title='bbox 574 2120 792 2203; x_wconf 87' lang='lat' dir='ltr'>cogitandum</span> <span class='ocrx_word' id='word_1_148' title='bbox 805 2120 957 2186; x_wconf 88' lang='lat' dir='ltr'>acerbius</span> <span class='ocrx_word' id='word_1_149' title='bbox 967 2129 1027 2198; x_wconf 92' lang='lat' dir='ltr'>est,</span> <span class='ocrx_word' id='word_1_150' title='bbox 1040 2119 1249 2204; x_wconf 89' lang='lat' dir='ltr'>improbitati</span> <span class='ocrx_word' id='word_1_151' title='bbox 1275 2098 1362 2215; x_wconf 42' lang='grc' dir='ltr'>ἓξὲξ</span> <span class='ocrx_word' id='word_1_152' title='bbox 1374 2099 1426 2149; x_wconf 69' lang='lat'>&#39;¹⁰⁸&#39;</span> 
     </span>
     <span class='ocr_line' id='line_1_20' title="bbox 133 2223 1248 2306; baseline 0.002 -20"><span class='ocrx_word' id='word_1_153' title='bbox 133 2231 210 2286; x_wconf 87' lang='lat' dir='ltr'>tam</span> <span class='ocrx_word' id='word_1_154' title='bbox 226 2224 396 2306; x_wconf 90' lang='lat' dir='ltr'>arroganti</span> <span class='ocrx_word' id='word_1_155' title='bbox 412 2233 446 2289; x_wconf 91' lang='lat' dir='ltr'>et</span> <span class='ocrx_word' id='word_1_156' title='bbox 461 2226 586 2289; x_wconf 86' lang='lat' dir='ltr'>noxiae</span> <span class='ocrx_word' id='word_1_157' title='bbox 611 2234 744 2290; x_wconf 89' lang='lat' dir='ltr'>tantum</span> <span class='ocrx_word' id='word_1_158' title='bbox 772 2225 868 2291; x_wconf 90' lang='lat' dir='ltr'>abest</span> <span class='ocrx_word' id='word_1_159' title='bbox 884 2235 921 2290; x_wconf 93' lang='lat' dir='ltr'>ut</span> <span class='ocrx_word' id='word_1_160' title='bbox 937 2223 1031 2289; x_wconf 84' lang='lat' dir='ltr'>irena</span> <span class='ocrx_word' id='word_1_161' title='bbox 1051 2225 1174 2290; x_wconf 88' lang='lat' dir='ltr'>iniecta</span> <span class='ocrx_word' id='word_1_162' title='bbox 1190 2233 1248 2288; x_wconf 93' lang='lat' dir='ltr'>aut</span> 
     </span>
    </p>
   </div>
   <div class='ocr_carea' id='block_1_11' title="bbox 134 2327 1250 2412">
    <p class='ocr_par' dir='ltr' id='par_1_11' title="bbox 134 2327 1250 2412">
     <span class='ocr_line' id='line_1_21' title="bbox 134 2327 1250 2412; baseline 0 -21"><span class='ocrx_word' id='word_1_163' title='bbox 134 2329 247 2391; x_wconf 87' lang='lat' dir='ltr'>iustae</span> <span class='ocrx_word' id='word_1_164' title='bbox 262 2327 329 2391; x_wconf 89' lang='lat' dir='ltr'>siut</span> <span class='ocrx_word' id='word_1_165' title='bbox 340 2346 468 2410; x_wconf 89' lang='lat' dir='ltr'>poenae</span> <span class='ocrx_word' id='word_1_166' title='bbox 484 2329 663 2412; x_wconf 88' lang='lat' dir='ltr'>impositae</span> <span class='ocrx_word' id='word_1_167' title='bbox 686 2329 786 2392; x_wconf 90' lang='lat' dir='ltr'>abiis</span> <span class='ocrx_word' id='word_1_168' title='bbox 802 2328 858 2412; x_wconf 92' lang='lat' dir='ltr'>qui</span> <span class='ocrx_word' id='word_1_169' title='bbox 876 2337 1017 2410; x_wconf 86' lang='lat' dir='ltr'>possunt</span> <span class='ocrx_word' id='word_1_170' title='bbox 1034 2327 1250 2409; x_wconf 86' lang='lat' dir='ltr'>maximeque</span> 
     </span>
    </p>
   </div>
   <div class='ocr_carea' id='block_1_12' title="bbox 131 2423 1252 3037">
    <p class='ocr_par' dir='ltr' id='par_1_12' title="bbox 131 2423 1252 3037">
     <span class='ocr_line' id='line_1_22' title="bbox 132 2423 1250 2516; baseline -0.002 -20"><span class='ocrx_word' id='word_1_171' title='bbox 132 2431 273 2510; x_wconf 87' lang='lat' dir='ltr'>debent,</span> <span class='ocrx_word' id='word_1_172' title='bbox 289 2441 326 2496; x_wconf 92' lang='lat' dir='ltr'>ut</span> <span class='ocrx_word' id='word_1_173' title='bbox 341 2423 446 2496; x_wconf 90' lang='lat' dir='ltr'>immo</span> <span class='ocrx_word' id='word_1_174' title='bbox 462 2433 596 2516; x_wconf 86' lang='lat' dir='ltr'>saepius</span> <span class='ocrx_word' id='word_1_175' title='bbox 608 2453 653 2497; x_wconf 90' lang='lat' dir='ltr'>ex</span> <span class='ocrx_word' id='word_1_176' title='bbox 669 2434 818 2516; x_wconf 89' lang='lat' dir='ltr'>ipsorum</span> <span class='ocrx_word' id='word_1_177' title='bbox 835 2432 886 2496; x_wconf 92' lang='lat' dir='ltr'>vel</span> <span class='ocrx_word' id='word_1_178' title='bbox 900 2433 1055 2496; x_wconf 88' lang='lat' dir='ltr'>socordia</span> <span class='ocrx_word' id='word_1_179' title='bbox 1070 2430 1122 2496; x_wconf 89' lang='lat' dir='ltr'>vel</span> <span class='ocrx_word' id='word_1_180' title='bbox 1139 2441 1250 2515; x_wconf 89' lang='lat' dir='ltr'>patro·</span> 
     </span>
     <span class='ocr_line' id='line_1_23' title="bbox 132 2534 1249 2619; baseline 0 -19"><span class='ocrx_word' id='word_1_181' title='bbox 132 2534 228 2600; x_wconf 90' lang='lat' dir='ltr'>cinio</span> <span class='ocrx_word' id='word_1_182' title='bbox 242 2535 357 2619; x_wconf 82' lang='lat' dir='ltr'>augeri</span> <span class='ocrx_word' id='word_1_183' title='bbox 381 2537 516 2618; x_wconf 85' lang='lat' dir='ltr'>spiritus</span> <span class='ocrx_word' id='word_1_184' title='bbox 532 2537 715 2602; x_wconf 89' lang='lat' dir='ltr'>videantur.</span> <span class='ocrx_word' id='word_1_185' title='bbox 735 2537 819 2601; x_wconf 89' lang='lat' dir='ltr'>Inde</span> <span class='ocrx_word' id='word_1_186' title='bbox 834 2546 886 2602; x_wconf 90' lang='lat' dir='ltr'>est</span> <span class='ocrx_word' id='word_1_187' title='bbox 905 2555 983 2600; x_wconf 90' lang='lat' dir='ltr'>cum</span> <span class='ocrx_word' id='word_1_188' title='bbox 1000 2553 1119 2600; x_wconf 84' lang='lat' dir='ltr'>caussa</span> <span class='ocrx_word' id='word_1_189' title='bbox 1134 2535 1249 2600; x_wconf 88' lang='lat' dir='ltr'>dolen·</span> 
     </span>
     <span class='ocr_line' id='line_1_24' title="bbox 134 2638 1250 2723; baseline -0.002 -19"><span class='ocrx_word' id='word_1_190' title='bbox 134 2639 221 2704; x_wconf 90' lang='lat' dir='ltr'>dum</span> <span class='ocrx_word' id='word_1_191' title='bbox 230 2638 275 2702; x_wconf 90' lang='lat' dir='ltr'>de</span> <span class='ocrx_word' id='word_1_192' title='bbox 290 2638 432 2722; x_wconf 85' lang='lat' dir='ltr'>publicis</span> <span class='ocrx_word' id='word_1_193' title='bbox 447 2641 675 2705; x_wconf 90' lang='lat' dir='ltr'>doctrinarum</span> <span class='ocrx_word' id='word_1_194' title='bbox 692 2649 726 2704; x_wconf 89' lang='lat' dir='ltr'>et</span> <span class='ocrx_word' id='word_1_195' title='bbox 742 2640 864 2704; x_wconf 91' lang='lat' dir='ltr'>artium</span> <span class='ocrx_word' id='word_1_196' title='bbox 881 2638 1057 2723; x_wconf 86' lang='lat' dir='ltr'>palaestris</span> <span class='ocrx_word' id='word_1_197' title='bbox 1072 2639 1119 2702; x_wconf 91' lang='lat' dir='ltr'>sic</span> <span class='ocrx_word' id='word_1_198' title='bbox 1135 2639 1250 2703; x_wconf 78' lang='lat' dir='ltr'>dedita</span> 
     </span>
     <span class='ocr_line' id='line_1_25' title="bbox 131 2744 1247 2828; baseline 0 -20"><span class='ocrx_word' id='word_1_199' title='bbox 131 2761 242 2826; x_wconf 88' lang='lat' dir='ltr'>opera</span> <span class='ocrx_word' id='word_1_200' title='bbox 257 2745 457 2824; x_wconf 88' lang='lat' dir='ltr'>constitutis,</span> <span class='ocrx_word' id='word_1_201' title='bbox 472 2745 640 2828; x_wconf 89' lang='lat' dir='ltr'>inquibus</span> <span class='ocrx_word' id='word_1_202' title='bbox 657 2763 780 2809; x_wconf 86' lang='lat' dir='ltr'>nomen</span> <span class='ocrx_word' id='word_1_203' title='bbox 796 2745 1001 2809; x_wconf 89' lang='lat' dir='ltr'>conticescat</span> <span class='ocrx_word' id='word_1_204' title='bbox 1011 2753 1070 2809; x_wconf 88' lang='lat' dir='ltr'>aut</span> <span class='ocrx_word' id='word_1_205' title='bbox 1082 2744 1247 2826; x_wconf 89' lang='lat' dir='ltr'>vitupere-</span> 
     </span>
     <span class='ocr_line' id='line_1_26' title="bbox 135 2845 1250 2931; baseline 0.001 -19"><span class='ocrx_word' id='word_1_206' title='bbox 135 2859 192 2912; x_wconf 90' lang='lat' dir='ltr'>tur</span> <span class='ocrx_word' id='word_1_207' title='bbox 209 2845 274 2911; x_wconf 95' lang='lat' dir='ltr'>Dei</span> <span class='ocrx_word' id='word_1_208' title='bbox 293 2847 500 2927; x_wconf 88' lang='lat' dir='ltr'>;dolendum</span> <span class='ocrx_word' id='word_1_209' title='bbox 517 2850 561 2914; x_wconf 93' lang='lat' dir='ltr'>de</span> <span class='ocrx_word' id='word_1_210' title='bbox 581 2848 828 2931; x_wconf 90' lang='lat' dir='ltr'>impudentiore</span> <span class='ocrx_word' id='word_1_211' title='bbox 845 2849 878 2914; x_wconf 91' lang='lat' dir='ltr'>in</span> <span class='ocrx_word' id='word_1_212' title='bbox 895 2847 967 2912; x_wconf 91' lang='lat' dir='ltr'>dies</span> <span class='ocrx_word' id='word_1_213' title='bbox 995 2847 1129 2913; x_wconf 89' lang='lat' dir='ltr'>licentia</span> <span class='ocrx_word' id='word_1_214' title='bbox 1153 2848 1250 2931; x_wconf 92' lang='lat' dir='ltr'>quid·</span> 
     </span>
     <span class='ocr_line' id='line_1_27' title="bbox 135 2949 1252 3037; baseline 0.002 -23"><span class='ocrx_word' id='word_1_215' title='bbox 135 2951 221 3017; x_wconf 92' lang='lat' dir='ltr'>libet</span> <span class='ocrx_word' id='word_1_216' title='bbox 233 2951 266 3015; x_wconf 95' lang='lat' dir='ltr'>in</span> <span class='ocrx_word' id='word_1_217' title='bbox 284 2951 403 3036; x_wconf 86' lang='lat' dir='ltr'>vulgus</span> <span class='ocrx_word' id='word_1_218' title='bbox 419 2953 550 3031; x_wconf 90' lang='lat' dir='ltr'>edendi,</span> <span class='ocrx_word' id='word_1_219' title='bbox 565 2953 731 3037; x_wconf 90' lang='lat' dir='ltr'>quidlibet</span> <span class='ocrx_word' id='word_1_220' title='bbox 745 2952 957 3018; x_wconf 89' lang='lat' dir='ltr'>declamandi</span> <span class='ocrx_word' id='word_1_221' title='bbox 975 2949 1110 3018; x_wconf 87' lang='lat' dir='ltr'>Christo</span> <span class='ocrx_word' id='word_1_222' title='bbox 1127 2952 1204 3018; x_wconf 88' lang='lat' dir='ltr'>Deo</span> <span class='ocrx_word' id='word_1_223' title='bbox 1218 2964 1252 3016; x_wconf 90' lang='lat' dir='ltr'>et</span> 
     </span>
    </p>
   </div>
   <div class='ocr_carea' id='block_1_13' title="bbox 135 3053 1250 3244">
    <p class='ocr_par' dir='ltr' id='par_1_13' title="bbox 135 3053 1250 3244">
     <span class='ocr_line' id='line_1_28' title="bbox 136 3053 1250 3141; baseline -0.004 -19"><span class='ocrx_word' id='word_1_224' title='bbox 136 3053 312 3122; x_wconf 84' lang='lat' dir='ltr'>Ecclesiae</span> <span class='ocrx_word' id='word_1_225' title='bbox 323 3056 522 3138; x_wconf 89' lang='lat' dir='ltr'>probrosum</span> <span class='ocrx_word' id='word_1_226' title='bbox 541 3079 548 3137; x_wconf 90' lang='lat'>;</span> <span class='ocrx_word' id='word_1_227' title='bbox 565 3077 673 3141; x_wconf 88' lang='lat' dir='ltr'>neque</span> <span class='ocrx_word' id='word_1_228' title='bbox 688 3077 728 3121; x_wconf 89' lang='lat' dir='ltr'>ea</span> <span class='ocrx_word' id='word_1_229' title='bbox 740 3057 850 3122; x_wconf 90' lang='lat' dir='ltr'>minus</span> <span class='ocrx_word' id='word_1_230' title='bbox 860 3055 1007 3120; x_wconf 90' lang='lat' dir='ltr'>dolenda</span> <span class='ocrx_word' id='word_1_231' title='bbox 1023 3065 1206 3122; x_wconf 88' lang='lat' dir='ltr'>consecuta</span> <span class='ocrx_word' id='word_1_232' title='bbox 1217 3056 1250 3118; x_wconf 94' lang='lat' dir='ltr'>in</span> 
     </span>
     <span class='ocr_line' id='line_1_29' title="bbox 135 3155 1250 3244; baseline -0.004 -18"><span class='ocrx_word' id='word_1_233' title='bbox 135 3155 256 3226; x_wconf 89' lang='lat' dir='ltr'>multis</span> <span class='ocrx_word' id='word_1_234' title='bbox 283 3161 435 3224; x_wconf 87' lang='lat' dir='ltr'>remissio</span> <span class='ocrx_word' id='word_1_235' title='bbox 449 3171 483 3225; x_wconf 89' lang='lat' dir='ltr'>ct</span> <span class='ocrx_word' id='word_1_236' title='bbox 499 3161 628 3226; x_wconf 87' lang='lat' dir='ltr'>desidia</span> <span class='ocrx_word' id='word_1_237' title='bbox 645 3159 830 3226; x_wconf 89' lang='lat' dir='ltr'>catholicae</span> <span class='ocrx_word' id='word_1_238' title='bbox 853 3159 1080 3243; x_wconf 82' lang='lat' dir='ltr'>professionis,</span> <span class='ocrx_word' id='word_1_239' title='bbox 1111 3179 1197 3244; x_wconf 87' lang='lat' dir='ltr'>quae</span> <span class='ocrx_word' id='word_1_240' title='bbox 1224 3161 1250 3222; x_wconf 89' lang='lat' dir='ltr'>si</span> 
     </span>
    </p>
   </div>
   <div class='ocr_carea' id='block_1_14' title="bbox 137 3262 1252 3346">
    <p class='ocr_par' dir='ltr' id='par_1_14' title="bbox 137 3262 1252 3346">
     <span class='ocr_line' id='line_1_30' title="bbox 137 3262 1252 3346; baseline -0.004 -16"><span class='ocrx_word' id='word_1_241' title='bbox 137 3281 208 3330; x_wconf 89' lang='lat' dir='ltr'>non</span> <span class='ocrx_word' id='word_1_242' title='bbox 224 3273 341 3346; x_wconf 88' lang='lat' dir='ltr'>aperta</span> <span class='ocrx_word' id='word_1_243' title='bbox 356 3273 408 3330; x_wconf 91' lang='lat' dir='ltr'>est</span> <span class='ocrx_word' id='word_1_244' title='bbox 429 3285 450 3328; x_wconf 87' lang='lat' dir='ltr'>a</span> <span class='ocrx_word' id='word_1_245' title='bbox 466 3262 532 3330; x_wconf 86' lang='lat' dir='ltr'>lide</span> <span class='ocrx_word' id='word_1_246' title='bbox 547 3263 702 3341; x_wconf 86' lang='lat' dir='ltr'>delectio,</span> <span class='ocrx_word' id='word_1_247' title='bbox 717 3285 758 3328; x_wconf 91' lang='lat' dir='ltr'>eo</span> <span class='ocrx_word' id='word_1_248' title='bbox 782 3275 871 3330; x_wconf 88' lang='lat' dir='ltr'>certe</span> <span class='ocrx_word' id='word_1_249' title='bbox 894 3284 1034 3330; x_wconf 87' lang='lat' dir='ltr'>evasura</span> <span class='ocrx_word' id='word_1_250' title='bbox 1060 3263 1252 3346; x_wconf 85' lang='lat' dir='ltr'>procliviter</span> 
     </span>
    </p>
   </div>
   <div class='ocr_carea' id='block_1_15' title="bbox 134 3335 1429 3464">
    <p class='ocr_par' dir='ltr' id='par_1_15' title="bbox 134 3335 1429 3464">
     <span class='ocr_line' id='line_1_31' title="bbox 134 3335 1429 3464; baseline 0.001 -32"><span class='ocrx_word' id='word_1_251' title='bbox 134 3375 203 3445; x_wconf 87' lang='lat' dir='ltr'>est,</span> <span class='ocrx_word' id='word_1_252' title='bbox 217 3385 293 3431; x_wconf 89' lang='lat' dir='ltr'>cum</span> <span class='ocrx_word' id='word_1_253' title='bbox 315 3364 382 3432; x_wconf 89' lang='lat' dir='ltr'>tide</span> <span class='ocrx_word' id='word_1_254' title='bbox 397 3366 478 3432; x_wconf 90' lang='lat' dir='ltr'>nihil</span> <span class='ocrx_word' id='word_1_255' title='bbox 504 3369 571 3434; x_wconf 89' lang='lat' dir='ltr'>iam</span> <span class='ocrx_word' id='word_1_256' title='bbox 587 3369 675 3432; x_wconf 89' lang='lat' dir='ltr'>vitae</span> <span class='ocrx_word' id='word_1_257' title='bbox 692 3367 810 3432; x_wconf 91' lang='lat' dir='ltr'>habitu</span> <span class='ocrx_word' id='word_1_258' title='bbox 825 3375 1041 3450; x_wconf 86' lang='lat' dir='ltr'>congruente.</span> <span class='ocrx_word' id='word_1_259' title='bbox 1057 3365 1170 3450; x_wconf 86' lang='lat' dir='ltr'>Quam</span> <span class='ocrx_word' id='word_1_260' title='bbox 1194 3367 1251 3448; x_wconf 90' lang='lat' dir='ltr'>qui</span> <span class='ocrx_word' id='word_1_261' title='bbox 1278 3335 1429 3464; x_wconf 47' lang='lat' dir='ltr'>;,ffpssffl</span> 
     </span>
    </p>
   </div>
   <div class='ocr_carea' id='block_1_16' title="bbox 138 3467 1429 3597">
    <p class='ocr_par' dir='ltr' id='par_1_16' title="bbox 138 3467 1429 3597">
     <span class='ocr_line' id='line_1_32' title="bbox 138 3467 1429 3597; baseline -0.002 -63"><span class='ocrx_word' id='word_1_262' title='bbox 138 3469 329 3554; x_wconf 87' lang='lat' dir='ltr'>perpendat</span> <span class='ocrx_word' id='word_1_263' title='bbox 346 3471 571 3536; x_wconf 91' lang='lat' dir='ltr'>maximarum</span> <span class='ocrx_word' id='word_1_264' title='bbox 588 3491 696 3537; x_wconf 91' lang='lat' dir='ltr'>rerum</span> <span class='ocrx_word' id='word_1_265' title='bbox 707 3471 939 3536; x_wconf 81' lang='lat' dir='ltr'>contusionem</span> <span class='ocrx_word' id='word_1_266' title='bbox 956 3480 990 3536; x_wconf 93' lang='lat' dir='ltr'>et</span> <span class='ocrx_word' id='word_1_267' title='bbox 1007 3470 1128 3548; x_wconf 89' lang='lat' dir='ltr'>labem,</span> <span class='ocrx_word' id='word_1_268' title='bbox 1139 3489 1207 3534; x_wconf 89' lang='lat' dir='ltr'>noo</span> <span class='ocrx_word' id='word_1_269' title='bbox 1222 3469 1251 3532; x_wconf 92' lang='lat' dir='ltr'>ei</span> <span class='ocrx_word' id='word_1_270' title='bbox 1273 3467 1429 3597; x_wconf 48' lang='lat' dir='ltr'>wigere</span> 
     </span>
    </p>
   </div>
   <div class='ocr_carea' id='block_1_17' title="bbox 136 3572 1426 3662">
    <p class='ocr_par' dir='ltr' id='par_1_17' title="bbox 136 3572 1426 3662">
     <span class='ocr_line' id='line_1_33' title="bbox 136 3572 1426 3662; baseline -0.002 -23"><span class='ocrx_word' id='word_1_271' title='bbox 136 3572 292 3659; x_wconf 86' lang='lat' dir='ltr'>prolecto</span> <span class='ocrx_word' id='word_1_272' title='bbox 303 3574 399 3638; x_wconf 86' lang='lat' dir='ltr'>luerit</span> <span class='ocrx_word' id='word_1_273' title='bbox 412 3575 542 3653; x_wconf 90' lang='lat' dir='ltr'>mirum,</span> <span class='ocrx_word' id='word_1_274' title='bbox 552 3575 579 3638; x_wconf 91' lang='lat' dir='ltr'>si</span> <span class='ocrx_word' id='word_1_275' title='bbox 592 3575 659 3640; x_wconf 89' lang='lat' dir='ltr'>late</span> <span class='ocrx_word' id='word_1_276' title='bbox 671 3586 789 3658; x_wconf 90' lang='lat' dir='ltr'>gentes</span> <span class='ocrx_word' id='word_1_277' title='bbox 802 3576 938 3640; x_wconf 87' lang='lat' dir='ltr'>divinae</span> <span class='ocrx_word' id='word_1_278' title='bbox 953 3573 1252 3638; x_wconf 77' lang='lat' dir='ltr'>animadversionis</span> <span class='ocrx_word' id='word_1_279' title='bbox 1278 3597 1426 3662; x_wconf 67' lang='lat' dir='ltr'>animoque</span> 
     </span>
    </p>
   </div>
   <div class='ocr_carea' id='block_1_18' title="bbox 136 3677 1429 3778">
    <p class='ocr_par' dir='ltr' id='par_1_18' title="bbox 136 3677 1429 3778">
     <span class='ocr_line' id='line_1_34' title="bbox 136 3677 1429 3778; baseline -0.001 -36"><span class='ocrx_word' id='word_1_280' title='bbox 136 3677 290 3762; x_wconf 87' lang='lat' dir='ltr'>pondere</span> <span class='ocrx_word' id='word_1_281' title='bbox 305 3677 528 3760; x_wconf 89' lang='lat' dir='ltr'>ingemiscant</span> <span class='ocrx_word' id='word_1_282' title='bbox 540 3678 693 3756; x_wconf 87' lang='lat' dir='ltr'>afflictae,</span> <span class='ocrx_word' id='word_1_283' title='bbox 705 3689 864 3762; x_wconf 89' lang='lat' dir='ltr'>metuque</span> <span class='ocrx_word' id='word_1_284' title='bbox 874 3679 1066 3764; x_wconf 90' lang='lat' dir='ltr'>graviorum</span> <span class='ocrx_word' id='word_1_285' title='bbox 1078 3677 1250 3743; x_wconf 89' lang='lat' dir='ltr'>calamita·</span> <span class='ocrx_word' id='word_1_286' title='bbox 1277 3677 1429 3778; x_wconf 48' lang='lat' dir='ltr'>{easma&#39;</span> 
     </span>
    </p>
   </div>
   <div class='ocr_carea' id='block_1_19' title="bbox 135 3781 1401 3865">
    <p class='ocr_par' dir='ltr' id='par_1_19' title="bbox 135 3781 1401 3865">
     <span class='ocr_line' id='line_1_35' title="bbox 135 3781 1401 3865; baseline -0.004 -19"><span class='ocrx_word' id='word_1_287' title='bbox 135 3795 214 3846; x_wconf 86' lang='lat' dir='ltr'>tum</span> <span class='ocrx_word' id='word_1_288' title='bbox 226 3781 352 3845; x_wconf 87' lang='lat' dir='ltr'>anxiae</span> <span class='ocrx_word' id='word_1_289' title='bbox 367 3781 518 3865; x_wconf 89' lang='lat' dir='ltr'>trepidae</span> <span class='ocrx_word' id='word_1_290' title='bbox 534 3791 720 3846; x_wconf 91' lang='lat' dir='ltr'>teneantur.</span> <span class='ocrx_word' id='word_1_291' title='bbox 1277 3810 1334 3844; x_wconf 73' lang='lat' dir='ltr'>mm</span> <span class='ocrx_word' id='word_1_292' title='bbox 1345 3793 1401 3843; x_wconf 70' lang='lat' dir='ltr'>vira</span> 
     </span>
    </p>
   </div>
   <div class='ocr_carea' id='block_1_20' title="bbox 185 3859 1421 3988">
    <p class='ocr_par' dir='ltr' id='par_1_20' title="bbox 185 3859 1421 3988">
     <span class='ocr_line' id='line_1_36' title="bbox 185 3859 1421 3988; baseline 0.001 -39"><span class='ocrx_word' id='word_1_293' title='bbox 185 3885 342 3949; x_wconf 84' lang='lat' dir='ltr'>Iamvero</span> <span class='ocrx_word' id='word_1_294' title='bbox 357 3886 399 3949; x_wconf 91' lang='lat' dir='ltr'>ad</span> <span class='ocrx_word' id='word_1_295' title='bbox 417 3886 579 3950; x_wconf 90' lang='lat' dir='ltr'>violatum</span> <span class='ocrx_word' id='word_1_296' title='bbox 594 3885 659 3948; x_wconf 89' lang='lat' dir='ltr'>Dei</span> <span class='ocrx_word' id='word_1_297' title='bbox 675 3903 799 3949; x_wconf 90' lang='lat' dir='ltr'>numen</span> <span class='ocrx_word' id='word_1_298' title='bbox 817 3884 1032 3968; x_wconf 90' lang='lat' dir='ltr'>placandum,</span> <span class='ocrx_word' id='word_1_299' title='bbox 1048 3883 1091 3950; x_wconf 92' lang='lat' dir='ltr'>ad</span> <span class='ocrx_word' id='word_1_300' title='bbox 1108 3901 1251 3965; x_wconf 90' lang='lat' dir='ltr'>eamque</span> <span class='ocrx_word' id='word_1_301' title='bbox 1277 3859 1421 3988; x_wconf 42' lang='lat' dir='ltr'>{afim</span> 
     </span>
    </p>
   </div>
   <div class='ocr_carea' id='block_1_21' title="bbox 134 3987 1418 4180">
    <p class='ocr_par' dir='ltr' id='par_1_21' title="bbox 134 3987 1418 4180">
     <span class='ocr_line' id='line_1_37' title="bbox 134 3987 1418 4072; baseline -0.002 -18"><span class='ocrx_word' id='word_1_302' title='bbox 134 3987 347 4054; x_wconf 79' lang='lat' dir='ltr'>afferendam</span> <span class='ocrx_word' id='word_1_303' title='bbox 361 4008 447 4072; x_wconf 88' lang='lat' dir='ltr'>quae</span> <span class='ocrx_word' id='word_1_304' title='bbox 463 3989 582 4054; x_wconf 91' lang='lat' dir='ltr'>misere</span> <span class='ocrx_word' id='word_1_305' title='bbox 607 3989 838 4054; x_wconf 90' lang='lat' dir='ltr'>laborantibus</span> <span class='ocrx_word' id='word_1_306' title='bbox 854 4008 939 4072; x_wconf 90' lang='lat' dir='ltr'>opus</span> <span class='ocrx_word' id='word_1_307' title='bbox 963 3997 1015 4054; x_wconf 89' lang='lat' dir='ltr'>est</span> <span class='ocrx_word' id='word_1_308' title='bbox 1031 3987 1252 4064; x_wconf 89' lang='lat' dir='ltr'>sanationem,</span> <span class='ocrx_word' id='word_1_309' title='bbox 1278 3989 1418 4068; x_wconf 44' lang='lat' dir='ltr'>haraeum</span> 
     </span>
     <span class='ocr_line' id='line_1_38' title="bbox 135 4069 1412 4180; baseline 0.001 -27"><span class='ocrx_word' id='word_1_310' title='bbox 135 4089 223 4158; x_wconf 86' lang='lat' dir='ltr'>nihil</span> <span class='ocrx_word' id='word_1_311' title='bbox 240 4110 320 4154; x_wconf 89' lang='lat' dir='ltr'>sane</span> <span class='ocrx_word' id='word_1_312' title='bbox 337 4091 476 4156; x_wconf 83' lang='lat' dir='ltr'>valuerit</span> <span class='ocrx_word' id='word_1_313' title='bbox 501 4091 621 4157; x_wconf 90' lang='lat' dir='ltr'>melius</span> <span class='ocrx_word' id='word_1_314' title='bbox 646 4111 746 4175; x_wconf 91' lang='lat' dir='ltr'>quam</span> <span class='ocrx_word' id='word_1_315' title='bbox 763 4092 818 4175; x_wconf 89' lang='lat' dir='ltr'>pie</span> <span class='ocrx_word' id='word_1_316' title='bbox 840 4101 1251 4174; x_wconf 32' lang='lat' dir='ltr'>perseveranterquesspre·</span> <span class='ocrx_word' id='word_1_317' title='bbox 1277 4069 1412 4180; x_wconf 44' lang='lat' dir='ltr'>mla,</span> 
     </span>
    </p>
   </div>
   <div class='ocr_carea' id='block_1_22' title="bbox 131 4184 1429 4299">
    <p class='ocr_par' dir='ltr' id='par_1_22' title="bbox 131 4184 1429 4299">
     <span class='ocr_line' id='line_1_39' title="bbox 131 4184 1429 4299; baseline -0.008 -36"><span class='ocrx_word' id='word_1_318' title='bbox 131 4192 242 4262; x_wconf 82' lang='lat' dir='ltr'>candi</span> <span class='ocrx_word' id='word_1_319' title='bbox 257 4191 413 4271; x_wconf 87' lang='lat' dir='ltr'>officium,</span> <span class='ocrx_word' id='word_1_320' title='bbox 437 4195 539 4260; x_wconf 91' lang='lat' dir='ltr'>modo</span> <span class='ocrx_word' id='word_1_321' title='bbox 555 4195 598 4260; x_wconf 91' lang='lat' dir='ltr'>sit</span> <span class='ocrx_word' id='word_1_322' title='bbox 620 4214 697 4258; x_wconf 91' lang='lat' dir='ltr'>cum</span> <span class='ocrx_word' id='word_1_323' title='bbox 719 4195 832 4260; x_wconf 89' lang='lat' dir='ltr'>studio</span> <span class='ocrx_word' id='word_1_324' title='bbox 847 4203 882 4258; x_wconf 88' lang='lat' dir='ltr'>et</span> <span class='ocrx_word' id='word_1_325' title='bbox 903 4195 1037 4259; x_wconf 90' lang='lat' dir='ltr'>actione</span> <span class='ocrx_word' id='word_1_326' title='bbox 1049 4193 1250 4258; x_wconf 88' lang='lat' dir='ltr'>christianae</span> <span class='ocrx_word' id='word_1_327' title='bbox 1277 4184 1429 4299; x_wconf 48' lang='lat' dir='ltr'>Zma-</span> 
     </span>
    </p>
   </div>
   <div class='ocr_carea' id='block_1_23' title="bbox 133 4298 1427 4384">
    <p class='ocr_par' dir='ltr' id='par_1_23' title="bbox 133 4298 1427 4384">
     <span class='ocr_line' id='line_1_40' title="bbox 133 4298 1427 4384; baseline -0.001 -18"><span class='ocrx_word' id='word_1_328' title='bbox 133 4300 231 4366; x_wconf 83' lang='lat' dir='ltr'>vitae</span> <span class='ocrx_word' id='word_1_329' title='bbox 246 4298 463 4363; x_wconf 88' lang='lat' dir='ltr'>coniunctum</span> <span class='ocrx_word' id='word_1_330' title='bbox 482 4299 596 4384; x_wconf 87' lang='lat' dir='ltr'>:quod</span> <span class='ocrx_word' id='word_1_331' title='bbox 614 4309 754 4384; x_wconf 91' lang='lat' dir='ltr'>utraque</span> <span class='ocrx_word' id='word_1_332' title='bbox 768 4301 801 4364; x_wconf 91' lang='lat' dir='ltr'>in</span> <span class='ocrx_word' id='word_1_333' title='bbox 818 4311 913 4384; x_wconf 90' lang='lat' dir='ltr'>parte</span> <span class='ocrx_word' id='word_1_334' title='bbox 938 4301 1091 4364; x_wconf 91' lang='lat' dir='ltr'>ducimus</span> <span class='ocrx_word' id='word_1_335' title='bbox 1107 4317 1167 4384; x_wconf 90' lang='lat' dir='ltr'>per</span> <span class='ocrx_word' id='word_1_336' title='bbox 1182 4317 1250 4364; x_wconf 86' lang='lat' dir='ltr'>ma·</span> <span class='ocrx_word' id='word_1_337' title='bbox 1277 4315 1427 4366; x_wconf 63' lang='lat' dir='ltr'>salnaium.</span> 
     </span>
    </p>
   </div>
   <div class='ocr_carea' id='block_1_24' title="bbox 0 0 1630 4888">
    <p class='ocr_par' dir='ltr' id='par_1_24' title="bbox 0 0 1630 4888">
     <span class='ocr_line' id='line_1_41' title="bbox 0 0 1630 4888; baseline 0 0"><span class='ocrx_word' id='word_1_338' title='bbox 0 0 1630 4888; x_wconf 95' lang='lat' dir='ltr'> </span> 
     </span>
    </p>
   </div>
  </div>
 </body>
</html>
