3216 4880
452 321 574 372 INDEX
602 323 853 375 ANALYTICUS.
1137 327 1210 396 339

101 481 199 543 ptores
212 471 260 542 qui
273 471 486 542 philosophiam
507 472 622 526 laedunt
641 487 702 525 22ο.
715 501 749 512 -—
770 473 854 526 Multi
868 473 1004 528 historiae
1018 469 1211 544 similiumque

99 559 314 630 disciplinarum
328 558 501 614 documenta
515 559 679 628 Scripturae
689 570 836 628 opponunt
848 560 925 614 haud
933 576 1027 630 aequo
1033 560 1142 628 judicio
1151 574 1210 614 220.

100 677 136 687 -
157 645 233 700 Eieri
255 655 349 715 potest
372 655 402 698 ut
419 646 562 717 quaedam
582 646 676 700 minus
689 657 767 700 recte
780 646 808 698 in
822 646 1046 700 transcribendis
1066 647 1211 702 codicibus

98 735 257 804 exciderint
271 732 394 798 librario,
407 743 456 788 aut
468 735 523 788 loci
537 733 687 804 cujusdam
700 750 800 789 seusus
814 735 966 804 ambiguus
978 747 1162 804 permaneat:
1183 747 1211 789 at

98 824 180 878 nefas
205 822 300 877 dicere
325 822 436 892 aliquas
456 831 567 876 tantum
587 823 752 892 Scripturas
769 835 865 892 partes
887 839 951 878 esse
974 823 1137 894 inspiratas,
1163 833 1211 877 aut

100 928 213 968 errasse
221 921 367 965 auctorem
377 925 503 966 azoaat.
512 939 547 950 -
559 912 593 964 ln
602 919 692 964 totam
702 911 878 980 scripturam
889 911 987 965 divina
997 911 1158 966 extenditur
1172 911 1212 966 in·

99 999 298 1070 spir-atioquae
309 1014 423 1052 omnem
431 997 556 1052 excludit
563 999 790 1052 errorem.Haec
800 997 870 1052 fides
880 999 1030 1052 Ecclesiae
1039 1009 1092 1067 est,
1098 998 1212 1066 saepius

98 1085 217 1142 definita
225 1085 408 1138 zan—Vera
418 1083 498 1138 notio
508 1083 704 1154 inspirationis
713 1085 875 1154 Scripturas
884 1086 1060 1154 proponitur,
1072 1085 1212 1140 illustrata

100 1175 194 1229 verbis
215 1174 244 1227 S.
257 1173 330 1241 Aug.
343 1181 372 1226 et
386 1172 413 1228 S.
430 1171 569 1240 Gregorii,
582 1188 656 1243 quae
668 1173 785 1242 quidem
797 1173 907 1226 nullum
919 1173 987 1227 sinit
1010 1175 1038 1226 in
1065 1172 1213 1241 Scriptura

97 1277 164 1316 esse
176 1276 300 1316 errorem
314 1273 439 1314 aar-aaz.
461 1289 496 1298 -
517 1260 603 1313 Hanc
619 1276 702 1314 suam
714 1259 801 1313 fuisse
814 1260 975 1313 doctrinam
995 1261 1095 1313 Patres
1108 1269 1136 1314 et
1151 1261 1210 1312 Do-

97 1359 193 1404 ctores
201 1347 284 1404 factis
293 1348 489 1416 ostenderunt,
497 1347 647 1418 ipsamque
655 1361 753 1418 aperte
765 1349 911 1416 profitetur
922 1349 1029 1416 S.Aug.
1042 1347 1078 1400 ad
1089 1347 1116 1401 S.
1130 1347 1211 1400 Hier.

98 1437 227 1492 scribens
241 1449 301 1489 222.
313 1463 348 1472 -
361 1435 516 1502 Theologis
530 1451 561 1488 se
572 1434 692 1504 jungant
707 1435 870 1504 Scripturas
884 1435 1049 1489 defensores
1069 1433 1210 1488 Catholici

97 1535 279 1580 externarum
296 1522 491 1576 doctrinarum
511 1523 602 1592 periti,
615 1539 720 1591 magno
740 1522 780 1577 rei
800 1522 922 1578 biblicae
933 1524 1131 1577 'emolumento
1146 1538 1210 1578 222-

98 1628 197 1680 223.—
207 1612 296 1666 Suum
309 1611 428 1681 quisque
442 1627 476 1664 ex
488 1611 586 1680 peritis
599 1611 685 1680 eligat
698 1611 784 1665 studii
794 1626 883 1679 genus
894 1628 952 1680 quo
961 1613 1051 1681 possit
1063 1612 1100 1664 ab
1115 1611 1211 1682 impiis

98 1699 244 1772 vindicare
258 1698 434 1768 Scripturam
449 1712 508 1764 223.
523 1727 557 1736 -
570 1697 711 1752 Fidelium
725 1698 907 1752 conferantur
920 1698 1059 1766 pecuniae
1074 1696 1101 1750 in
1115 1695 1212 1750 studia

99 1786 261 1842 doctiorum
281 1786 405 1838 uirorum
426 1784 622 1854 promovenda
642 1800 702 1852 223.
715 1815 750 1822 -
772 1783 911 1838 lnsistant
934 1783 1038 1838 eruditi
1063 1783 1210 1854 principiis

99 1892 187 1946 supra
199 1873 356 1944 praefinitis
370 1885 399 1927 ut
412 1873 452 1928 rei
466 1873 589 1928 biblicae
602 1872 654 1928 rite
668 1873 803 1928 inservire
817 1875 931 1928 valeant
943 1887 1070 1941 223-224.
1086 1900 1120 1910 -
1135 1872 1211 1941 Ipsis

102 1965 227 2020 inculcat
238 1964 367 2018 Pontifex
376 1963 520 2032 quomodo
530 1979 561 2016 se
569 1979 668 2031 gerere
677 1963 801 2017 debeant
811 1963 840 2015 in
849 1961 1075 2016 dissentionibus
1085 1961 1210 2030 Scriptu-

100 2071 163 2108 ram
181 2053 254 2107 inter
275 2061 303 2105 et
324 2052 459 2106 scientias
480 2051 586 2105 exortis
600 2065 660 2116 224.
673 2081 709 2090 —
723 2051 816 2104 Multa
830 2051 896 2104 olim
917 2061 1018 2104 contra
1032 2049 1210 2118 scripturam

93 2143 215 2214 jactata,
225 2141 284 2210 jam
297 2151 411 2210 reperta
427 2149 493 2194 sunt
512 2140 627 2203 inania;
641 2139 782 2216 quosdqm
795 2138 882 2192 etiam
897 2137 999 2208 Script.
1014 2141 1092 2192 locos
1103 2135 1208 2189 rectius

97 2231 268 2300 interpretes
289 2229 463 2283 recentiores
485 2228 691 2296 indagaverunt
705 2241 765 2292 224.
780 2257 813 2266 -
831 2228 927 2280 Nemo
948 2242 1061 2279 omnem
1077 2222 1208 2292 intelligit

100 2321 296 2388 Scriptorum:
311 2333 385 2386 quae
398 2316 532 2385 explicari
545 2311 603 2370 non
616 2325 743 2385 possunt,
757 2315 856 2368 humili
873 2323 969 2368 mente
982 2314 1135 2366 credantur
1148 2326 1209 2376 224.

96 2439 134 2448 -
146 2407 232 2461 Viam
245 2423 331 2478 quarn
345 2405 475 2459 Pontifex
488 2405 666 2472 monstravit,
679 2414 835 2474 sequantur
847 2404 1029 2458 scientiarum
1047 2401 1129 2470 periti
1149 2400 1210 2468 viri,

98 2505 129 2551 ut
142 2496 251 2566 optime
263 2495 299 2549 de
312 2511 343 2548 re
356 2491 498 2547 catholica
511 2503 672 2546 mereantur
686 2506 745 2557 224.
756 2523 792 2531 -
803 2493 909 2545 Curent
921 2488 1058 2559 Episcopi
1069 2487 1210 2543 servanda

95 2598 173 2653 quae
187 2581 316 2635 Pontifex
329 2581 439 2633 monuit
454 2593 576 2648 224-225.
586 2608 619 2617 -
635 2579 734 2634 Clerus
747 2579 836 2634 sacris
848 2578 962 2631 Litteris
973 2576 1085 2630 studeat
1097 2592 1210 2630 summo

97 2669 275 2725 reverentiae
288 2679 316 2722 et
329 2667 444 2736 pietatis
454 2666 557 2720 affectu
570 2681 602 2719 22
607 2678 630 2734 5.

136 2780 189 2832 39.
215 2778 426 2828 EPISTOLA
446 2779 488 2826 ad
506 2777 601 2827 card.
621 2773 838 2839 Langenleux
861 2775 1012 2836 Archtep.
1029 2775 1120 2823 Rhe-

95 2880 246 2922 mensem
281 2867 321 2916 de
358 2869 523 2914 conventu
561 2863 707 2912 Euchar.
740 2863 1050 2925 Hierosolymltano.
1087 2885 1121 2894 -

95 2955 375 3010 tonsoratis...
1055 2963 1119 3016 pag.
1157 2945 1209 2998 226

135 3053 325 3108 Gratissimae
348 3051 481 3106 Pontifici
506 3050 583 3104 fuere
604 3067 650 3105 res
666 3060 764 3119 gestae
789 3051 818 3103 in
843 3061 985 3104 conventu
1000 3048 1207 3116 Eucharistico,

97 3144 231 3218 praeside
245 3140 482 3196 Eminentissimo
491 3140 552 3194 viro
562 3138 599 3193 de
612 3156 642 3192 re
655 3138 796 3192 catholica
807 3138 836 3190 in
847 3139 965 3192 Oriente
978 3137 1088 3206 optime
1098 3137 1208 3190 merito.

98 3232 271 3290 Uberrimos
282 3230 344 3284 fore
356 3229 463 3283 fructus
475 3227 585 3281 laudati
597 3237 755 3281 conventus
768 3225 899 3279 Pontifex
912 3235 1015 3296 sperat.
1031 3225 1120 3278 Suam
1132 3224 1208 3278 solli-

98 3320 258 3378 citudinem
271 3303 469 3386 testat'urerga
482 3314 618 3370 ecclesias
631 3314 660 3368 in
670 3313 797 3382 Oriente,
810 3323 838 3368 et
850 3311 996 3367 benedicit
1005 3313 1064 3365 226.

130 3428 186 3481 4ο.
200 3426 443 3478 nnrocurro
453 3426 495 3475 aa
505 3425 534 3474 s,
549 3425 587 3474 a.
598 3425 634 3473 rr.
644 3421 935 3492 caminaras-23
948 3420 1120 3471 necteus.

1075 3504 1092 3540 a
1113 3527 1119 3540 .
1157 3501 1190 3539 22

136 3585 228 3638 Grato
241 3581 337 3636 animo
355 3580 454 3634 recolit
474 3579 604 3632 Pontifex
616 3578 756 3632 beneficia
769 3576 822 3630 sibi
832 3594 850 3630 a
864 3578 927 3630 Deo
942 3504 1078 3630 concessit
1092 3503 1154 3640 527.
1175 3499 1209 3613 —7

100 3671 184 3727 Nihil
196 3669 283 3724 habet
297 3667 441 3738 antiquius
455 3684 541 3737 quam
552 3675 582 3720 ut
593 3682 694 3734 pacem
707 3664 758 3718 toti
771 3665 879 3717 mundo
892 3663 1034 3722 conciliet.
1048 3661 1207 3716 Sacerdotii

97 3755 248 3814 christiani
268 3755 393 3810 officium
411 3754 453 3808 sic
470 3754 592 3822 implens
606 3766 666 3818 227.
680 3783 714 3791 -
728 3753 787 3805 Pax
800 3749 828 3803 in
842 3750 996 3803 individuis
1009 3765 1066 3802 non
1080 3765 1162 3803 secus
1175 3763 1210 3802 ac

97 3847 128 3899 in
150 3844 284 3913 gentibus
302 3842 359 3895 filia
377 3851 420 3895 est
436 3841 565 3910 justitiae
577 3856 651 3910 quae
663 3857 697 3893 ex
710 3839 765 3891 fide
776 3837 844 3892 vivit
858 3851 917 3903 2²7·
928 3867 963 3876 -
976 3833 1210 3889 Perturbatioues

98 3947 215 3992 nostrae
228 3935 331 3991 aetatis
345 3951 379 3989 ex
391 3951 427 3988 eo
436 3935 587 4004 praecipue
601 3942 680 3986 ortae
693 3941 760 3984 sunt
773 3931 850 4000 quod
863 3929 892 3983 in
905 3928 1053 3984 hominurn
1067 3927 1210 3981 mentibus

99 4025 188 4080 Fides
201 4023 380 4078 defervuerit.
395 4023 454 4076 Pax
467 4021 572 4075 frustra
586 4019 738 4090 quaeritur,
749 4035 814 4072 cum
828 4016 911 4071 Pacis
933 4017 1094 4086 negligatur
1111 4021 1211 4076 auctor

99 4114 161 4169 228.
182 4142 218 4152 -
240 4111 314 4180 Spes
335 4109 460 4164 fovenda
479 4107 544 4162 novi
564 4105 710 4176 religionis
723 4103 911 4168 incrementi;
928 4103 1049 4173 Spiritus
1062 4100 1139 4155 enim
1154 4096 1209 4152 Dei

100 4199 258 4266 vivificans,
272 4197 419 4252 Ecclesiae
433 4212 546 4266 semper
559 4194 640 4248 adest
660 4195 720 4246 228.
733 4219 768 4230 -
789 4190 949 4245 Carismata
967 4187 1102 4242 coelestia
1122 4185 1210 4240 Sacro

100 4293 230 4364 Collegio
243 4303 359 4364 exoptat
373 4291 504 4346 Pontifex
514 4300 542 4345 et
554 4287 699 4345 benedicit
712 4287 773 4356 228.
