3216 4880
124 884 128 893 ι

123 904 128 913 n

89 937 122 1003 a
124 925 1155 937 ιιιιιιιιιιιιιιιιιιιιιιιιιιιιιιιιιιιιιιιιιιιιιιιιιιιιιιιιιιιιιιιιιιιιιιιιιιιιιιιιιιιιιιιιιιιιιιιιιιιιιι

242 1061 436 1156 *UCUNDs
474 1109 606 1172 semper
649 1089 887 1172 expectatione
921 1091 1096 1168 erectaque
1137 1107 1197 1170 spe
1292 1109 1309 1155 8

88 1103 274 1420 {affl}
298 1193 480 1260 Octobrem
495 1212 644 1256 mensem
658 1192 883 1274 conspicimus
894 1193 1089 1256 redeuntem
1108 1214 1114 1266 ;
1131 1193 1198 1274 qui,
1254 1169 1344 1285 {Eggf'
1370 1179 1372 1182 ⁵

164 1209 194 1368 Ι
296 1298 487 1361 hortatione
509 1307 543 1360 et
559 1298 764 1380 praescripto
781 1297 908 1360 Nostro
923 1295 1054 1360 dicatus
1067 1294 1198 1378 Virgini
1279 1336 1377 1387 careda

89 1405 276 1479 armas
299 1399 528 1476 Beatissimae,
538 1418 606 1461 non
623 1417 749 1479 paucos
762 1398 828 1462 iam
843 1420 949 1462 annos
966 1401 1122 1464 concordi
1140 1418 1199 1482 per
1226 1403 1344 1467 Pontifex

90 1503 273 1570 catholicas
286 1512 404 1584 gentes
419 1510 453 1565 et
469 1502 580 1565 vivida
597 1513 749 1566 ROSARII
765 1501 861 1566 floret
872 1504 1005 1584 pictate.
1020 1503 1116 1586 Quae
1128 1503 1200 1567 Nos
1226 1469 1352 1584 ,ssssssm‘

89 1611 132 1672 ad
149 1608 352 1671 hortandum
370 1605 511 1669 moverit
537 1624 663 1682 caussa,
688 1625 754 1668 non
783 1606 885 1670 semel
903 1607 1080 1670 ediximus.
1109 1608 1199 1670 Nam
1227 1599 1376 1712 Rosam'ffo-

90 1711 286 1776 calamitosa
304 1709 474 1772 Ecclesiae
494 1708 736 1790 civitatumque
753 1719 906 1790 tempora
923 1730 1027 1793 quum
1045 1731 1200 1792 praesen.
1226 1682 1281 1716 rm
1296 1681 1326 1714 cu
1348 1679 1375 1724 u,
1454 1735 1456 1740 ,

89 1816 256 1880 tissimum
283 1813 347 1875 Dei
372 1812 535 1875 auxilium
567 1812 706 1876 omnino
722 1813 1026 1894 deposcerent,hoc
1043 1814 1199 1878 nimirum

92 1925 202 1988 Matre
212 1917 282 1986 eius
292 1923 519 2004 deprecatrice
530 1921 779 2004 implorandum
793 1942 866 1985 esse
878 1925 1077 1998 censuimus,
1094 1945 1202 2008 eoque

94 2029 272 2113 praecipue
300 2029 511 2110 supplicandi
536 2029 600 2092 ritu
617 2027 901 2105 contendendum,
917 2029 1010 2092 cuius
1041 2029 1200 2093 virtutem
1228 2061 1301 2124 ,ujus
1323 2061 1379 2123 qm:

91 2133 291 2198 christianus
308 2133 452 2214 populus
473 2152 645 2214 nunquam
663 2132 725 2194 sibi
742 2153 809 2196 non
823 2131 1076 2196 saluberrimam
1089 2133 1203 2196 sensit.
1228 2127 1282 2240 fjx
1296 2126 1382 2239 vm

95 2240 135 2304 Id
153 2238 322 2302 enimvero
345 2237 450 2300 sensit
466 2259 511 2300 ex
532 2239 604 2318 ipsa
628 2237 776 2300 marialis
808 2238 939 2300 Rosarii
966 2238 1105 2319 origine,
1129 2247 1200 2301 tum
1228 2272 1305 2321 quam
1330 2271 1380 2305 non

94 2341 207 2406 infide
223 2351 339 2406 sancta
352 2362 372 2404 a
383 2341 516 2405 nefariis
532 2342 675 2406 tutanda
693 2341 878 2405 incursibus
894 2343 1070 2406 hominum
1087 2340 1202 2404 haere·
1228 2322 1381 2452 mailli:

95 2449 248 2523 ticorum,
278 2455 350 2508 turn
379 2445 411 2506 in
444 2453 672 2509 consentanea
696 2446 858 2509 virtutum
890 2444 999 2522 laude,
1030 2465 1116 2527 quae
1145 2465 1204 2526 per
1226 2455 1313 2518 putus.

94 2549 264 2615 saeculum
281 2549 428 2631 corrupti
452 2549 602 2632 exempli
630 2549 810 2614 relevanda
826 2559 898 2612 erat
924 2557 958 2612 et
985 2550 1203 2613 sustinenda:

96 2659 197 2738 idque
214 2655 349 2737 perenni
366 2655 470 2717 sensit
484 2653 640 2736 privatim
652 2663 685 2716 et
696 2653 830 2736 publice
841 2652 1080 2717 beneficiorum
1097 2673 1205 2730 cursu,

95 2780 237 2843 quorum
256 2758 416 2821 memoria
433 2757 610 2838 praeclaris
626 2757 728 2820 etiam
746 2757 909 2821 institutis
926 2767 960 2821 et
977 2759 1204 2822 monumentis

96 2863 220 2944 ubique
236 2873 286 2926 est
302 2869 506 2924 consecrata.
529 2859 691 2928 Similiter
703 2862 736 2923 in
754 2869 899 2924 aetatem
917 2869 1076 2938 nostram,
1093 2860 1204 2924 multi-

95 2969 173 3051 plici
190 2985 298 3031 rerum
316 2965 508 3028 discrimine
534 2964 754 3040 laborantem,
780 2963 907 3026 fructus
938 2963 1016 3026 inde
1044 2963 1205 3026 salutares

96 3071 288 3156 provenisse
304 3069 602 3132 commemorando
630 3067 814 3131 laetamur:
830 3076 980 3130 attamen
1012 3068 1205 3148 circumspi-

94 3181 231 3254 cientes,
246 3172 465 3238 Venerabiles
483 3171 608 3250 iratres,
623 3172 746 3235 videtis
762 3171 825 3253 ipsi
849 3157 984 3234 caussas
1000 3170 1110 3234 adhuc
1127 3172 1205 3234 insi-

94 3285 174 3348 dere
198 3280 388 3364 partimque
417 3279 654 3360 ingravescere,
678 3276 896 3358 quamobrem
927 3275 991 3339 hoc
1018 3275 1099 3338 item
1116 3296 1205 3339 armo

95 3385 324 3450 obsecrandae
340 3379 492 3444 caelestis
510 3380 663 3462 Reginae
679 3380 787 3455 ardor,
810 3378 934 3442 Nostra
960 3379 1205 3455 exhortatione,
1248 3425 1272 3472 A
1274 3423 1293 3470 d
1299 3421 1381 3486 ipsum

96 3491 214 3554 vestris
239 3489 271 3552 in
300 3487 457 3570 gregibus
484 3487 714 3550 excitetur.—-
736 3484 879 3548 Accedit
901 3485 1002 3566 quod,
1026 3485 1146 3548 intima
1171 3485 1204 3547 in
1232 3492 1260 3539 in
1273 3489 1326 3538 dies
1337 3503 1381 3536 au·

97 3595 231 3662 Rosarii
259 3602 379 3656 natura
405 3591 645 3673 cogitationem
671 3588 907 3670 defigentibus,
938 3597 1065 3670 quanto
1097 3589 1205 3652 Nobis
1228 3553 1350 3680 iim,

96 3703 169 3765 eius
206 3697 412 3780 praestantia
443 3694 677 3778 utilitatesque*
706 3692 866 3756 illustrius
904 3702 1078 3774 apparent,
1110 3704 1206 3759 tanto
1231 3685 1385 3800 ffffifjj

97 3804 229 3869 acuitur
251 3801 453 3866 desiderium
470 3809 504 3864 et
531 3819 618 3882 spes,
644 3819 741 3881 posse
767 3799 852 3862 adeo
875 3799 1204 3862 commendationem
1232 3759 1297 3866 laiac
1325 3757 1386 3893 ,ira

98 3910 270 3984 Nostram,
283 3915 319 3968 ut
336 3905 486 3967 eiusdem
510 3903 756 3966 sacratissimae
778 3901 885 3983 precis
902 3899 1028 3982 religio,
1057 3912 1155 3966 aucta
1172 3904 1204 3966 in
1233 3897 1384 3998 jfssrffl

97 4012 220 4076 animis
236 4009 428 4092 cognitione
444 4019 477 4071 et
501 4005 707 4089 amplificata
730 4005 981 4078 consuetudine,
997 4005 1133 4086 optimis
1160 4007 1207 4070 vi·
1234 4013 1389 4092 impetrandi

97 4125 178 4200 geat
194 4113 420 4176 incrementis.
437 4110 540 4176 Cuius
556 4111 602 4173 rei
619 4109 728 4192 gratie
741 4128 808 4172 non
826 4128 865 4170 ea
875 4109 1011 4190 quidem
1024 4113 1209 4174 revocaturi
1227 4079 1363 4196 {ffss‘fflsm’

98 4237 215 4281 sumus
226 4237 312 4298 quae
326 4215 552 4298 superioribus
562 4213 659 4278 annis
668 4213 760 4276 varia
773 4211 805 4274 in
819 4212 938 4274 eodem
949 4231 1070 4293 genere
1083 4215 1211 4278 ratione
1244 4211 1358 4288 Virginis

99 4321 199 4386 libuit
215 4321 395 4385 edisserere
415 4317 519 4386 :illud
536 4318 647 4402 potius
658 4317 700 4382 ad
714 4317 994 4382 considerandum
1005 4317 1210 4384 docendum·
1238 4291 1381 4391 'amm
