3216 4880
335 267 389 316 Ab
417 265 522 315 einer
552 263 756 315 unrrnrsu
783 261 1042 314 cononrarro.
1174 241 1242 330 285

135 413 301 493 marisque
332 419 459 474 tractus
490 411 663 474 celeritate
689 409 878 473 incredibili
906 429 1021 474 currus
1048 419 1082 474 et
1109 411 1243 492 navigia
1331 437 1361 471 20
1435 397 1453 416 ⁹
1547 397 1600 486 ’J

1300 485 1314 524 I
1318 485 1391 526 UNII

133 516 417 593 transvehuntur;
445 534 531 597 quae
556 534 637 577 sane
663 515 817 596 egregios
845 534 925 576 usus
945 512 1100 591 afferunt,
1115 534 1182 606 non
1199 515 1241 578 ad
1306 537 1378 600 1894·
1440 579 1441 582 Ἴ
1499 523 1503 538 “

133 621 334 686 commercia
349 621 588 683 tantummodo
598 618 897 700 curiositatemque
909 619 1171 700 ingeniosorum,
1183 619 1241 680 sed

133 727 235 789 etiam
261 724 304 787 ad
332 724 469 787 verbum
494 723 558 786 Dei
574 723 618 786 ab
633 732 708 786 ortu
727 721 805 785 solis
822 722 864 784 ad
882 741 1038 785 occasum
1056 721 1123 784 late
1139 723 1242 785 disse-

135 831 342 894 minandum.

177 935 256 998 Non
286 953 400 996 sumus
428 932 540 1008 nescii,
566 952 668 1014 quam
697 931 845 995 diuturni
874 930 1099 1014 laboriosique
1115 929 1243 1012 negotii
1349 940 1421 1003 Spem

134 1040 179 1104 sit
205 1059 315 1102 rerum
342 1036 435 1114 ordo,
459 1055 560 1117 quem
589 1035 782 1100 restitutum
811 1044 988 1117 optamus:
1017 1055 1079 1098 nec
1102 1034 1243 1098 sortasse
1268 1005 1409 1118 {Jffiff‘ss'ifi'

134 1143 284 1217 deerunt,
309 1142 366 1223 qui
396 1140 467 1204 Nos
494 1140 697 1203 arbitrentur
714 1139 839 1202 nimiae
855 1139 1029 1220 indulgere
1046 1139 1126 1220 spei,
1142 1148 1244 1220 atque
1262 1137 1405 1264 xm?

134 1247 285 1329 optanda
313 1245 430 1326 magis,
455 1264 555 1326 quam
580 1244 794 1325 expectanda
812 1263 979 1326 quaerere.
997 1243 1063 1309 Sed
1083 1243 1155 1306 Nos
1172 1263 1243 1326 qur·
1269 1267 1403 1316 nitPonti·
1491 1277 1493 1280 ·

134 1350 212 1413 dem
229 1369 323 1432 spem
340 1368 476 1413 omnem
493 1369 531 1411 ac
549 1347 650 1429 plane
666 1347 823 1412 fiduciam
840 1347 1045 1411 collocamus
1058 1348 1091 1411 in
1104 1347 1243 1411 humani
1263 1332 1319 1410 ,Μ’

135 1453 265 1534 generis
294 1451 472 1517 Servatore
501 1453 590 1516 IESU
617 1451 796 1530 CHRISTO,
824 1453 928 1532 probe
956 1471 1131 1530 memores,
1157 1471 1244 1533 quae

135 1557 216 1621 olim
240 1567 273 1620 et
296 1567 423 1638 quanta
439 1577 498 1639 per
514 1557 693 1620 stultitiam
712 1555 829 1620 Crucis
845 1563 878 1618 et
896 1554 1157 1637 praedicationis
1172 1557 1244 1618 eius

135 1671 268 1744 patrata
284 1661 360 1738 sint,
375 1660 474 1724 liuius
489 1660 611 1724 mundi
637 1662 898 1742 obstupescente
914 1671 947 1723 et
964 1660 1102 1725 confusa
1118 1662 1244 1744 sapien-

137 1765 195 1829 tia.
222 1801 264 1812 -
291 1765 463 1845 Principes
494 1786 573 1828 vero
604 1774 637 1828 et
668 1776 815 1827 rectores
841 1765 1015 1827 civitatum
1042 1767 1243 1828 nominatim
1321 1799 1420 1847 p,.,·„„·‚

137 1889 304 1952 rogamus,
320 1871 424 1934 velint
440 1890 501 1952 pro
518 1870 605 1932 civili
623 1868 803 1951 prudentia
820 1889 881 1932 sua
894 1879 927 1932 et
940 1867 1030 1934 fideli
1043 1870 1243 1952 populorum
1269 1872 1359 1928 pesque
1444 1905 1446 1908 -
1548 1885 1550 1888 ·

136 1994 215 2037 cura
244 1973 383 2037 consilia
413 1973 539 2038 Nostra
566 1995 611 2037 ex
636 1975 778 2037 veritate
802 1975 989 2050 aestimare,
1009 1973 1114 2038 velint
1130 1984 1243 2039 aucto·
1270 1936 1392 2058 ime.

138 2079 235 2142 ritate
260 2087 294 2140 et
320 2079 429 2160 gratia
454 2078 574 2143 fovere.
601 2078 838 2160 Quaesitorum
865 2078 1031 2142 fructuum
1056 2078 1083 2140 si
1099 2077 1151 2142 vel
1168 2099 1245 2162 pars
1268 2062 1382 2176 m‘jff

137 2184 337 2264 provenerit,
362 2203 429 2246 non
459 2183 492 2246 id
521 2183 651 2246 minimi
680 2181 779 2245 fuerit
807 2181 958 2245 beneficii
987 2182 1062 2246 loco
1087 2183 1119 2246 in
1149 2193 1244 2247 tanta

137 2306 245 2350 rerum
274 2287 425 2350 omnium
454 2285 682 2361 inclinatione,
706 2286 844 2367 quando
860 2286 1071 2368 impatientia
1088 2305 1243 2368 praesen-

137 2393 221 2456 tium
238 2402 428 2473 temporum
446 2411 523 2454 cum
540 2390 720 2454 formidine
736 2393 885 2473 iungitur
901 2391 1097 2457 futurorum.

183 2497 349 2559 Extrema
364 2495 488 2558 saeculi
505 2496 687 2577 superioris
703 2496 825 2559 fessam
839 2497 995 2560 cladibus
1007 2497 1245 2580 trepidamque
1329 2531 1422 2578 Memo-

137 2598 445 2680 perturbationibus
463 2597 636 2680 Europam
654 2600 824 2682 reliquere.
840 2600 944 2678 Haec,
956 2620 1044 2682 quae
1056 2603 1097 2664 ad
1114 2600 1244 2663 exitum
1271 2602 1413 2674 retausupae-

138 2710 295 2783 properat
311 2709 414 2777 actae,
429 2700 556 2782 quidni,
572 2721 668 2766 versa
682 2703 762 2780 vice,
773 2705 922 2767 humano
932 2705 1046 2786 generi
1059 2703 1245 2767 hereditate
1271 2675 1424 2790 2522}be

137 2805 346 2868 transmittat
362 2805 512 2884 auspicia
522 2807 722 2869 concordiae
734 2827 809 2869 curn
825 2827 885 2888 spe
899 2808 1127 2871 maximorum
1141 2807 1245 2870 bono·
1271 2793 1395 2922 {ma
1396 2861 1409 2904 t

137 2928 222 2986 rum,
237 2927 323 2990 quae
341 2909 470 2972 unitate
486 2906 565 2971 fidei
582 2909 785 2973 christianae
801 2913 1040 2974 continentur?
1270 2921 1427 2989 prasumat

181 3011 285 3074 Adsit
301 3011 427 3092 optatis
443 3011 597 3092 votisque
614 3012 748 3076 Nostris
760 3013 852 3076 dives
864 3013 899 3075 in
913 3014 1136 3077 misericordia
1148 3015 1239 3076 Deus
1265 2991 1348 3056 finem
1360 2989 1399 3036 ‘k'

1240 3067 1248 3096 ²
1273 3056 1360 3104 veniat
1370 3069 1409 3101 ae·

135 3113 230 3176 citius
244 3113 279 3176 in
287 3121 447 3194 potestate
462 3122 605 3195 tempora
620 3124 699 3178 sunt
713 3125 746 3180 et
760 3125 930 3192 momenta,
940 3117 1248 3200 benignissimeque
1274 3130 1313 3170 ras
1324 3121 1395 3168 inter

137 3215 277 3298 implere
303 3225 449 3279 maturet
473 3217 625 3280 divinum
654 3217 736 3280 illud
756 3219 843 3284 lESU
861 3217 1019 3283 CHRISTI
1037 3221 1249 3301 promissum,
1274 3185 1426 3314 mm}

128 3319 194 3402 fiet
208 3339 312 3382 unum
327 3319 411 3382 ovile
425 3329 456 3382 et
471 3341 558 3382 unus
565 3321 711 3403 pastor(
730 3321 749 3400 ).
1260 3371 1263 3376 ,
1275 3318 1374 3366 tutante

184 3421 312 3485 Datum
331 3423 461 3486 Romae
477 3425 568 3506 apud
587 3425 619 3489 S.
638 3425 774 3488 Petrum
791 3427 847 3489 die
861 3439 912 3489 xx
929 3426 1014 3489 lunii
1028 3441 1250 3495 Mncccxclv‚
1276 3385 1336 3432 Deo.

142 3523 362 3587 Pontificatus
381 3525 497 3589 Nostri
513 3547 603 3590 anno
619 3528 752 3592 decimo
769 3531 922 3611 septimo.

808 3685 904 3750 LEO
930 3687 991 3750 ΡΡ.
1016 3687 1119 3750 ΧΙΙΙ.

173 3869 193 3902 1.
273 3889 389 3907 ·‚‚·
