3222 4888
285 264 336 313 ua
364 263 413 312 us
438 262 655 314 carnonrca
683 263 724 313 ru
753 265 957 316 nunqnam
1120 246 1188 336 183

1283 340 1298 372 2

129 414 205 478 Hoc
220 415 366 498 denique
382 413 483 480 officii
497 414 613 480 Nostri
630 416 715 480 ratio
731 418 895 499 exposcit,
913 427 951 481 ut
967 437 1006 481 ea
1018 417 1112 482 vobis
1129 419 1189 481 im·
1249 386 1334 502 {dds

87 519 281 600 pensissime
297 519 586 596 commendemus,
602 538 688 601 quae
704 521 747 583 de
763 521 1037 585 adolescentibus
1054 521 1190 598 clericis,
1276 553 1370 604 clm„-
1474 595 1475 600 γ
1555 543 1588 606 ſs]

87 622 129 686 de
143 621 343 705 presbyteris
360 623 393 684 in
410 623 456 685 eis
481 621 561 704 ipsis
589 620 709 685 litteris
737 623 917 686 habuimus
945 625 1191 688 commendata.
1216 619 1353 733 Q&

35 771 37 775 a
88 762 127 773 —
143 724 297 789 Proiecto
321 725 348 787 si
364 734 511 788 vestrum
529 735 592 804 est,
608 713 828 788 Venerabiles
851 725 994 803 Fratres,
1010 725 1192 808 plurimum
1219 702 1281 800 {ff
1294 699 1357 732 ’Μ’

89 828 213 892 consilii
230 837 332 910 atque
354 847 478 909 operae
501 829 535 891 iu
552 837 643 892 recte
668 829 877 893 instituenda
903 829 996 893 omni
1022 830 1195 895 iuventute

88 949 219 1011 ponere,
231 930 339 995 multo
354 950 414 994 vos
431 931 539 1013 magis
555 931 588 994 in
607 930 646 994 iis
662 931 835 996 elaborare
859 952 994 998 necesse
1010 942 1072 1012 est,
1087 933 1144 1016 qui
1161 933 1196 994 in
1255 999 1257 1004 ,

91 1031 258 1098 Ecclesiae
284 1053 379 1117 spem
405 1031 613 1111 adolescunt,
629 1027 806 1117 utnempe
821 1045 855 1099 et
872 1034 1053 1099 sacerdotii
1070 1035 1197 1100 honore

89 1135 180 1218 digni
191 1137 259 1200 sint
281 1147 315 1200 et
332 1137 525 1202 muneribus
541 1139 612 1201 eius
628 1139 691 1201 rite
707 1139 873 1203 obeundis
890 1147 1006 1221 aptam
1023 1159 1085 1221 pro
1112 1149 1197 1204 tem·

91 1239 224 1320 poribus
255 1241 414 1305 virtutem
446 1240 683 1324 praeseferant.
711 1243 750 1305 In
779 1262 848 1323 quo
865 1261 969 1325 quum
1001 1243 1198 1326 praecipuas

90 1339 281 1422 vigilantiae
290 1352 421 1406 vestrae
431 1354 543 1427 partes
554 1344 625 1408 iure
637 1344 700 1420 sibi
712 1344 883 1408 vindicent
895 1364 990 1410 sacra
1001 1343 1200 1425 Seminaria,

90 1441 247 1507 alacriore
259 1445 291 1508 in
310 1446 381 1509 dies
397 1448 513 1511 studio
528 1447 724 1510 contendite
740 1456 776 1509 ut
803 1447 941 1530 optimis
968 1467 1009 1511 ea
1036 1447 1198 1512 institutis

90 1543 237 1626 floreant,
252 1550 494 1633 abundentque
509 1549 712 1614 adiumentis
728 1549 769 1613 iis
786 1549 944 1614 omnibus
971 1570 1057 1634 quae
1085 1569 1198 1639 neces-

91 1651 174 1713 saria
190 1661 281 1732 sunt;
298 1654 344 1716 ita
360 1673 441 1716 sane
458 1664 504 1732 ut,
514 1653 723 1717 delectorum
744 1655 995 1717 moderatorum
1012 1651 1198 1734 disciplina,

91 1753 131 1814 ad
151 1772 272 1831 mores,
287 1757 331 1819 ad
348 1758 488 1820 virtutes
508 1755 558 1819 sui
574 1755 701 1819 ordinis
718 1755 880 1839 proprias,
897 1764 1000 1838 atque
1027 1755 1071 1818 ad
1095 1756 1199 1818 decus

91 1873 190 1918 omne
206 1858 388 1938 doctrinae,
400 1860 452 1922 vel
469 1860 602 1924 divinae
619 1859 672 1923 vel
688 1859 865 1937 humanae,
881 1857 1051 1923 sacrorum
1069 1859 1198 1925 alumni

94 1967 224 2023 mature
240 1961 435 2045 optimeque
452 1963 661 2026 excolantur.

132 2059 235 2145 Quod
251 2085 330 2128 vero
345 2067 388 2129 ad
406 2065 611 2131 fructuosam
629 2065 835 2132 Cleri-vestri
851 2067 1023 2130 actionem
1041 2066 1197 2148 pertinet,
1258 2099 1378 2162 Em,-

93 2163 154 2228 hoe
181 2167 279 2231 huius
308 2171 457 2234 maxime
484 2180 534 2235 est
565 2171 738 2252 temporis,
765 2181 802 2234 nt
826 2179 946 2248 vestra,
978 2163 1375 2280 Venerabilesflwfdi·

94 2267 234 2350 Fratres,
255 2275 373 2338 sivein
390 2295 430 2338 eo
453 2275 631 2357 dirigendo
658 2275 847 2352 concordia,
874 2275 943 2337 sive
971 2274 1005 2336 in
1031 2274 1198 2338 hortando
1235 2249 1263 2296 ’ὅ
1316 2267 1325 2290 '

95 2376 328 2460 monendoque
343 2379 479 2442 solertia
495 2387 529 2442 et
544 2378 676 2456 caritas,
692 2379 761 2442 sive
778 2379 811 2442 in
829 2379 955 2442 tuenda
971 2376 1198 2442 ecclesiastica

94 2475 269 2561 disciplina
300 2480 440 2548 firmitas
468 2481 567 2547 officii
599 2483 738 2559 eluceat,
763 2481 949 2566 singularis.
973 2519 1016 2532 -
1039 2482 1198 2546 Vicissim
1230 2499 1346 2576 eleg-ru·

93 2591 257 2666 quotquot
273 2597 351 2650 sunt
367 2607 411 2650 ex
427 2588 544 2650 ordine
559 2586 637 2652 cleri
654 2607 789 2650 necesse
805 2595 856 2650 est
873 2597 909 2650 ut
937 2586 1115 2669 Episcopis
1131 2586 1199 2672 suis
1227 2565 1369 2694 fidemve

94 2703 225 2754 summa
248 2709 324 2754 cum
352 2689 418 2754 fide
448 2691 699 2768 adhaerescant,
722 2711 839 2756 eorum
864 2692 1037 2774 excipiant
1062 2689 1200 2769 monita,
1223 2701 1352 2760 praestem

94 2793 231 2858 consilia
247 2805 281 2860 et
295 2805 416 2878 coepta
432 2798 592 2862 adiuvent
608 2819 616 2876 ;
631 2798 664 2860 in
690 2797 924 2879 perfunctione
947 2805 1060 2860 autem
1085 2815 1200 2860 mune·

93 2913 163 2959 rum
181 2917 362 2978 sacrorum,
377 2903 410 2964 in
428 2901 597 2964 laboribus
613 2921 674 2982 pro
686 2900 794 2964 salute
807 2900 983 2965 hominum
996 2900 1200 2981 sempiterna

94 3001 313 3082 suscipiendis
338 3014 514 3087 promptos
539 3023 672 3086 semper
702 3003 906 3085 alacresque,
936 3003 1076 3066 caritate
1106 3003 1202 3077 duce,

93 3119 164 3164 sese
179 3105 383 3187 impertiant
400 3145 442 3156 —
459 3108 544 3173 Cum
572 3129 650 3171 vero
677 3107 711 3170 in
739 3127 857 3170 omnes
884 3115 996 3188 partes
1020 3106 1201 3188 plurimum
1229 3162 1369 3214 Sacerdotes

94 3209 222 3286 possint
238 3214 451 3277 sacerdotum
468 3211 812 3295 exempla,imprimis
823 3212 992 3287 studeant,
1002 3211 1203 3292 semetipsos
1226 3229 1316 3295 populo

95 3309 205 3378 vivam
236 3315 368 3380 virtutis
400 3327 433 3381 et
460 3317 688 3380 continentiae
720 3314 862 3378 formam
894 3313 999 3377 oculis
1031 3311 1204 3376 christiani
1229 3293 1337 3420 :ffb

95 3417 209 3500 populi
226 3430 420 3485 constanter
435 3421 604 3484 exhibere.
621 3419 728 3485 Caute
744 3439 823 3482 vero
838 3417 985 3494 videant,
997 3435 1039 3480 ne
1055 3415 1202 3482 civilium
1229 3491 1272 3526 nec
1287 3475 1366 3524 ‚umis

96 3517 146 3580 vel
163 3520 375 3601 politicarum
393 3541 502 3587 rerum
519 3522 639 3585 studiis
651 3521 727 3604 plus
738 3520 843 3584 nimio
854 3539 890 3583 se
901 3519 1039 3596 dedant;
1052 3517 1202 3599 illudque
1226 3540 1385 3618 „emplum

97 3641 197 3706 saepe
215 3626 309 3690 Pauli
325 3626 486 3708 Apostoli
514 3625 749 3690 meminerint:
768 3623 873 3686 Nemo
888 3623 1038 3686 militans
1050 3621 1127 3699 Deo,
1141 3621 1203 3684 im·
1228 3613 1362 3722 ma

92 3725 194 3806 plicat
206 3745 241 3790 se
256 3727 392 3809 negotiis
405 3724 638 3790 saecrclaribus:
649 3734 686 3787 ut
700 3723 874 3807 eiplaceat,
883 3723 938 3786 cui
950 3721 1141 3805 seprobavit
1152 3720 1203 3804 (1).
1230 3739 1282 3787 hus.

99 3827 1206 3916 Certe,exteriorumprovidentiam,monenteS.GregorioMagnO,

99 3935 132 3998 in
149 3937 356 4002 internorum
374 3935 599 4001 sollicitudine
615 3945 744 3998 rectum
761 3943 811 3997 est
831 3952 897 3996 non
915 3931 1122 4015 relinquere:
1147 3952 1206 3996 no·

100 4041 321 4124 minatimqne
337 4061 440 4124 quum
471 4041 514 4104 de
542 4039 705 4122 religione
732 4037 859 4102 tuenda
890 4045 948 4100 aut
975 4037 1018 4100 de
1034 4039 1207 4102 communi

100 4145 191 4209 bono
206 4146 421 4226 provehendo
438 4145 556 4226 agitur,
574 4163 638 4206 non
667 4151 746 4205 sunt
762 4139 914 4222 prolecto
941 4159 980 4203 ea
1007 4139 1209 4221 negligenda

131 4292 151 4325 1.
164 4279 188 4324 11
200 4278 263 4325 Tim.
275 4289 303 4332 11,
315 4295 336 4336 4.
