3222 4888
413 273 482 340 262
665 293 847 346 avrsroua
876 279 896 308 “
916 293 1036 342 rursu
1062 291 1218 344 calvas
1240 269 1257 296 ''

410 447 493 512 biles
510 449 653 528 Fratres,
664 453 828 533 quaedam
846 452 1052 516 enucleatius
1079 453 1335 516 commendasse
1351 453 1456 528 vobiS,
1470 455 1505 516 ad

409 572 495 633 quae
516 554 677 618 sollicitos
701 576 780 636 prae
808 555 925 619 ceteris
952 556 1134 619 intendatis
1158 556 1297 619 animos.
1316 556 1368 618 Ea
1393 557 1506 637 quippe

409 667 495 733 sunt,
511 678 596 740 quae
621 658 772 741 apprime
794 660 904 722 valent
921 661 964 722 ad
981 657 1058 722 iidei
1081 662 1170 730 viam
1188 660 1407 724 muniendam
1423 669 1456 720 et
1470 659 1505 720 ad

411 761 580 826 Ecclesiae
596 763 826 830 efficacitatem
844 767 1082 849 explicandam
1098 788 1106 844 ;
1128 785 1216 848 quae
1233 765 1305 827 Nos
1335 763 1507 840 idcirco,et

408 868 530 930 crebris
546 869 644 932 editis
665 871 900 934 communibus
926 871 1147 948 documentis,
1170 878 1204 934 et
1229 867 1455 950 singularibus
1469 867 1506 928 ad

408 969 594 1052 Episcopos
611 973 699 1036 datis
716 973 842 1051 litteris,
859 973 1024 1036 inculcare
1037 993 1209 1056 nunquam
1226 971 1427 1035 destitimus.

265 1070 383 1196 'yffi
452 1074 552 1158 Quod
569 1077 713 1160 primum
730 1079 830 1159 igitur
846 1089 906 1156 est,
921 1099 961 1140 eo
978 1079 1164 1141 studiorum
1181 1087 1367 1140 vestrorum
1383 1085 1507 1158 specta-

263 1201 382 1264 Episcopr
406 1181 491 1244 bunt
507 1182 694 1263 praecipua,
711 1191 747 1245 ut
763 1191 953 1264 opportuna
963 1183 1158 1246 adiumenta
1171 1179 1382 1263 excogitetis,
1393 1179 1508 1260 quibus

231 1261 381 1394 {mm
406 1285 438 1348 in
456 1285 601 1348 alumnis
616 1287 700 1348 sacri
717 1286 851 1363 ordinis,
868 1307 935 1349 non
954 1288 1055 1350 modo
1071 1283 1250 1369 disciplina
1260 1304 1391 1346 morum
1406 1303 1508 1344 serve·

212 1449 213 1452 Ἴ
244 1397 376 1455 servanda,
405 1396 459 1450 tur
485 1398 609 1466 sancte,
625 1409 738 1452 verum
756 1389 857 1452 etiam
883 1389 1110 1474 doctrinarum
1142 1388 1421 1470 acquirendarum
1447 1395 1508 1448 stet

245 1463 379 1577 'mm
404 1491 504 1556 vivax
522 1491 619 1556 ardor
633 1515 641 1572 ;
658 1513 724 1574 quo
741 1492 807 1570 fiat,
820 1503 856 1557 ut
872 1514 958 1576 quae
974 1492 1218 1574 interephebos
1234 1493 1268 1554 in
1286 1510 1381 1574 spem
1397 1489 1505 1552 Eccle-

227 1593 310 1641 studio
320 1608 377 1641 acu·
405 1589 472 1650 siae
488 1599 733 1652 succrescentes
760 1589 910 1652 inclinari
935 1588 1019 1652 sorte
1043 1609 1082 1651 ac
1110 1589 1325 1668 languescere
1356 1587 1508 1649 videntur

276 1659 337 1706 endo
349 1659 378 1706 in
486 1695 492 1708 .
542 1695 549 1707 .
1334 1693 1341 1705 .

264 1724 379 1772 alumnis
403 1694 524 1770 studia,
541 1713 572 1756 in
589 1714 665 1756 eum
679 1695 889 1756 adducantur
901 1692 1123 1774 splendorem,
1136 1713 1235 1774 quem
1247 1691 1320 1755 Nos
1333 1709 1404 1754 rure
1416 1701 1506 1772 opta·

278 1789 377 1866 narnis
405 1819 486 1876 mus,
513 1818 679 1881 quemque
695 1799 865 1879 religionis
890 1807 1056 1877 expetunt
1083 1806 1244 1877 tempora.
1266 1795 1385 1858 Nostis
1412 1795 1506 1869 enim,

226 1869 300 1904 sam.
403 1902 620 1966 Venerabiles
637 1903 779 1978 Fratres,
795 1902 829 1966 id
847 1899 947 1964 fuisse
964 1899 1029 1964 Dei
1047 1901 1253 1984 providentis
1269 1900 1457 1977 consilium,
1474 1910 1506 1962 ut

242 1970 376 2084 mm}
402 2027 468 2088 quo
485 2007 628 2090 primum
650 2015 749 2088 pacto
767 2005 955 2069 fortissimis
969 2005 1171 2086 martyribus
1188 2024 1267 2067 usus
1283 2014 1333 2067 est
1349 2004 1394 2066 ad
1418 2025 1506 2086 aper·

246 2101 377 2215 mm
402 2119 470 2174 tam
482 2120 699 2194 tyrannorum
712 2111 778 2174 vim
790 2109 1031 2191 saevitiamque
1042 2107 1273 2190 frangendam,
1281 2108 1327 2170 ita
1337 2118 1375 2171 ut
1385 2119 1506 2189 marty-

251 2231 375 2288 Deusfir-
402 2233 473 2277 rum
487 2215 684 2296 sanguinem
702 2234 814 2276 semen
833 2214 1089 2277 christianorum
1108 2213 1230 2276 iaceret
1249 2233 1257 2291 ;
1273 2214 1394 2275 eodem
1412 2223 1508 2294 pacto

224 2298 376 2426 mm
402 2318 488 2380 viros
516 2317 637 2400 insigni
661 2319 825 2399 sapientia
854 2317 945 2380 nullo
969 2336 1035 2378 non
1067 2328 1219 2398 ternpore
1235 2315 1424 2394 destinarit,
1453 2321 1508 2400 qui

225 2427 328 2476 sidium.
402 2420 549 2482 veritatis
568 2421 750 2496 thesauros,
766 2439 850 2502 quos
879 2419 1085 2500 Unigenitus
1103 2419 1207 2482 Filius
1223 2441 1242 2482 e
1258 2419 1331 2482 sinu
1352 2421 1461 2484 Patris
1478 2425 1507 2484 in

401 2528 505 2582 terras
528 2519 647 2582 detulit
672 2529 705 2582 et
737 2519 909 2582 Ecclesiae
936 2521 1146 2583 concreditos
1177 2519 1291 2596 voluit,
1323 2539 1390 2582 non
1417 2543 1509 2585 sacra

402 2622 510 2686 solum
527 2623 735 2699 auctoritate,
752 2622 809 2686 sed
827 2622 878 2686 vel
902 2623 1071 2686 humanae
1087 2623 1226 2686 rationis
1242 2624 1420 2707 praesidiis
1440 2637 1508 2689 tue·

283 2743 376 2793 Nostra
403 2739 522 2792 rentur.
541 2727 640 2790 Nunc
667 2737 789 2805 autem,
805 2747 907 2810 quum
925 2747 1155 2808 perversarum
1179 2727 1376 2808 opinionum
1394 2740 1508 2792 conta·

225 2812 377 2939 mm}
402 2833 500 2914 gione
517 2831 638 2894 iniecta
650 2841 684 2894 et
695 2841 851 2913 corrupta
863 2831 931 2895 sint
947 2831 1060 2894 omnia
1077 2851 1126 2908 ac,
1138 2832 1248 2913 specie
1264 2835 1508 2914 progredientis

257 2947 376 3004 mquam
402 2939 583 3014 doctrinae,
598 2937 781 3019 sapientiae
804 2959 823 3001 a
841 2939 917 3001 Deo
930 2939 1074 3001 traditae
1097 2939 1280 3001 obsistatur
1308 2942 1462 3004 maxime
1477 2953 1507 3003 et

226 3007 338 3055 maxime
348 3015 379 3055 ut
889 3041 896 3055 ·
986 3043 992 3055 ·
1100 3043 1119 3056 ··
1326 3045 1333 3058 ·

262 3073 376 3120 scientia-
402 3052 605 3124 repugnetur
621 3063 629 3119 ;
646 3061 787 3122 pronum
812 3051 862 3105 est
887 3041 1137 3123 intelligereris
1168 3043 1402 3108 defensoribus
1426 3067 1508 3129 opus

227 3137 378 3252 mlxxx
403 3165 484 3222 esse,
500 3147 566 3227 qui,
581 3145 763 3226 omnigeno
776 3165 943 3209 armorum
961 3165 1118 3228 generee
1133 3147 1282 3210 scientiis
1298 3149 1508 3232 deprompto,

225 3269 279 3316 sint
294 3268 376 3330 desm-
395 3249 514 3330 parati
526 3259 650 3330 semper
663 3249 706 3331 (¹)
719 3249 794 3325 sint,
806 3251 853 3312 uti
867 3261 981 3314 monet
991 3251 1188 3333 Apostolus,
1198 3252 1247 3314 ad
1254 3253 1509 3332 satisfactionem

224 3348 266 3382 ‘⁰'
265 3349 289 3382 ‘³
295 3335 319 3382 F
317 3335 373 3384 Μή·
402 3353 644 3435 ornniposcenti
657 3354 815 3417 rationem
830 3353 869 3416 de
883 3375 929 3429 ea,
946 3356 1071 3435 quaein
1089 3355 1178 3419 nobis
1192 3365 1247 3432 est,
1262 3369 1315 3437 spe
1323 3381 1339 3432 ,·
1355 3368 1388 3420 et
1401 3359 1508 3422 exhor·

402 3459 472 3521 tari
486 3459 520 3519 iri
542 3457 691 3520 doctrina
715 3477 806 3536 sana,
821 3468 852 3518 et
866 3479 916 3520 eos
936 3459 996 3539 qui
1008 3459 1234 3523 contradicunt
1247 3481 1386 3544 arguere
1403 3463 1453 3546 (ί).
1472 3461 1506 3524 ln

291 3565 376 3642 ὅρνι-
404 3563 609 3625 moderanda
625 3581 703 3626 vcro
719 3583 779 3643 pro
796 3561 992 3626 Seminariis
1022 3564 1140 3627 vestris
1156 3565 1343 3628 studiorum
1372 3568 1508 3642 ratione,

244 3637 376 3745 '22:22³ss
401 3665 505 3740 vobis,
521 3663 740 3728 Venerabiles
772 3663 914 3742 Fratres,
937 3665 982 3730 ob
1005 3667 1120 3730 oculos
1148 3669 1398 3732 essevolumus
1423 3690 1508 3752 quae

233 3762 375 3875 ‘imma‘
403 3765 433 3828 N
438 3775 547 3830 osmet
563 3765 738 3849 encyclicis
751 3767 870 3832 litteris
882 3769 973 3833 eade
985 3791 1018 3834 re
1030 3771 1312 3853 praescripsimus
1327 3771 1377 3838 Ut
1389 3793 1508 3856 nempe

259 3891 375 3956 honusta
401 3890 435 3933 rn
458 3871 698 3953 philosophicis
723 3872 907 3954 disciplinis
933 3875 1105 3938 tradendis
1133 3878 1303 3940 maximus
1341 3877 1508 3962 Angelico

234 3956 376 4086 ‘'lifgfflj
402 3975 542 4039 Doctori
558 3974 712 4038 Thomae
725 3975 889 4058 Aquinati
912 3977 1076 4042 habeatur
1091 3981 1208 4058 honos,
1223 3991 1256 4044 et
1272 4001 1361 4064 quae
1377 4003 1423 4046 ex
1440 3983 1507 4046 eius

246 4061 375 4136 rrraxunu}
401 4079 624 4143 voluminibus
648 4079 716 4161 iugi
738 4089 771 4142 et
787 4082 972 4162 praedivite
988 4103 1073 4148 vena
1098 4085 1249 4149 dimanat
1274 4088 1453 4168 sapientia,
1467 4087 1508 4150 ab

233 4153 374 4267 ἴξέἷζῇἷζ
400 4183 546 4246 romanis
560 4181 778 4246 Pontificibus
788 4188 956 4266 perpetuis
966 4189 1143 4252 honestata
1160 4189 1324 4266 laudibus,
1338 4193 1507 4257 studiosae

403 4283 541 4291 ...—-.-.--.,
550 4284 729 4290 ..qma-...-
738 4286 745 4290 .
1072 4289 1497 4300 ——-——-—----——-..-.-—-

431 4323 449 4355 r.
464 4311 478 4354 Ι
487 4311 562 4362 Patr..
578 4321 615 4364 111,
631 4324 665 4369 15·
680 4335 704 4344 —
724 4325 744 4356 2.
768 4288 826 4365 Tit,
842 4323 858 4362 1.
871 4327 894 4371 9.
