3222 4888
444 444 448 591 {
584 483 904 571 alrannus
941 493 1345 577 sucronem:

552 689 615 746 na
641 688 833 747 sanans
862 689 1168 750 SCRIPTURAE
1195 692 1389 752 sacena.

271 1097 344 1160 1895·
570 1055 805 1144 ll'admirabili
847 1079 994 1144 caritatis
1034 1081 1186 1156 consilio,
1226 1083 1268 1144 ad
1307 1084 1511 1148 consortium
1599 1111 1600 1118 ¹

570 1133 595 1276 Ε
619 1195 755 1247 naturae
780 1184 912 1246 divinae
946 1183 1109 1267 principio
1133 1185 1256 1261 evexit,
1278 1185 1356 1248 dein
1381 1208 1401 1248 a
1424 1205 1513 1248 com·

233 1285 383 1391 mm
448 1281 596 1352 munli
620 1290 710 1352 muni
742 1289 830 1352 labe*
848 1289 1020 1369 exitioque
1058 1290 1226 1366 eductum,
1266 1289 1318 1350 in,
1339 1289 1514 1370 pristinam

260 1408 330 1484 Deus
342 1407 382 1455 to·
409 1395 609 1478 dignitatern
629 1393 780 1470 restituit,
795 1393 858 1455 hoc
875 1394 983 1456 eidem
1003 1403 1179 1475 propterea
1189 1393 1330 1456 contulit
1346 1393 1514 1476 singulare

286 1489 382 1597 ml:
410 1499 622 1580 praesidium,
640 1506 675 1559 ut
701 1516 823 1559 arcana
839 1496 1033 1574 divinitatis,
1049 1496 1242 1578 sapientiae,
1266 1497 1513 1560 misericordiae

409 1621 489 1664 suae
517 1600 759 1682 supernaturali
777 1599 830 1662 via
856 1599 1068 1682 patefaceret.
1096 1599 1191 1662 Licet
1218 1601 1306 1662 enim
1336 1600 1368 1662 in
1398 1600 1513 1663 divina
1600 1633 1601 1642 .

410 1705 610 1769 revelatione
638 1725 688 1768 res
721 1725 853 1787 quoqne
878 1703 1206 1786 comprehendantur
1231 1725 1317 1786 qnae
1343 1705 1512 1769 humanae

410 1811 529 1874 rationi
547 1813 735 1873 inaccessae
752 1831 816 1872 non
835 1819 921 1886 sunt,
934 1810 1010 1872 ideo
1025 1807 1219 1872 hominibus
1235 1810 1409 1885 revelatae,
1428 1809 1515 1872 utab

409 1913 558 1974 omnibns
582 1913 730 1993 expedite,
745 1913 854 1993 firma
877 1911 1070 1973 certitudine
1091 1921 1122 1974 et
1137 1911 1223 1975 nullo
1239 1913 1385 1974 admitto
1408 1933 1515 1975 errore

408 2019 551 2100 cognosci
558 2019 694 2099 possint,
707 2039 769 2079 nori
785 2017 847 2079 lcac
867 2027 975 2080 tamen
990 2018 1029 2078 de
1054 2039 1169 2080 caussa
1196 2017 1347 2080 revelatio
1373 2017 1516 2082 absolute

379 2203 384 2214 ι
410 2122 587 2184 reecessaria
603 2120 737 2184 dicenda
753 2131 807 2197 est,
822 2121 882 2183 secl
900 2121 977 2203 quia
997 2121 1086 2183 Deus
1097 2141 1137 2184 ex
1151 2121 1284 2204 infinita
1300 2121 1439 2184 bonitate
1452 2143 1514 2185 sua

232 2203 383 2334 mm?
409 2223 579 2288 ordinavit
592 2225 752 2287 lorrzinem
764 2223 920 2320 adfinem
930 2225 1211 2306 supernaturalem
1227 2225 1279 2308 (¹).
1296 2225 1392 2309 Quae
1404 2237 1513 2308 super·

253 2335 382 2447 rallirevc·
410 2330 575 2394 naturalis
601 2329 760 2408 revelatio,
790 2331 963 2394 'secuudum
990 2329 1189 2393 reniaersalis
1218 2327 1379 2394 Ecclesiae
1397 2331 1514 2414 fidem,

233 2406 383 2530 quami·
409 2436 599 2498 continetur
614 2445 686 2497 turn
704 2434 738 2496 in
764 2434 834 2496 sine
858 2435 974 2516 scripto
995 2435 1237 2510 traditionibus,
1260 2437 1450 2500 tumeliam
1477 2438 1511 2498 ia

233 2531 384 2645 mma}
410 2538 505 2603 libris
528 2538 665 2619 scriptis,
692 2539 748 2619 qui
774 2539 986 2619 appellantur
1010 2541 1093 2601 sacri
1121 2549 1154 2601 et
1179 2541 1340 2614 canonici,
1356 2559 1397 2602 eo
1421 2543 1511 2621 quod

271 985 339 1085 Nbsy
447 977 941 1051 QQROVIDENTISSIMUS
979 975 1080 1052 Deus,
1111 978 1167 1058 qui
1191 977 1376 1042 humanum
1401 999 1516 1062 genus,

298 977 446 1352 anfi-³

297 2661 384 2709 sacre·
413 2643 544 2724 Spiritu
562 2641 682 2704 Sancto
698 2642 877 2722 inspirante
892 2643 1067 2723 coriscripti,
1091 2643 1198 2705 Deum
1214 2642 1332 2705 labent
1342 2655 1515 2720 auctorem,
1602 2671 1603 2714 3

233 2726 383 2856 ’ᾚΞζζ
410 2755 506 2828 atque
532 2757 569 2809 ut
595 2747 674 2808 tales
700 2745 763 2826 ipsi
787 2745 946 2808 Ecclesiae
967 2745 1086 2808 traditi
1110 2755 1188 2808 sicut
1202 2745 1253 2828 (²).
1273 2746 1349 2808 Hoc
1365 2767 1446 2809 sane
1471 2749 1514 2810 de

274 2859 382 2920 torretur
411 2851 581 2933 utriusque
597 2851 807 2914 Testamenti
825 2851 915 2914 libris
938 2862 1100 2934 perpetuo
1117 2853 1225 2916 tenuit
1242 2851 1421 2934 palamque
1437 2875 1515 2934 pro-

261 2928 384 3038 mia
410 2951 496 3015 lessa
513 2964 562 3016 est
581 2951 749 3016 Ecclesia:
766 2973 872 3036 eaque
899 2955 1034 3034 cognita
1050 2965 1128 3016 sunt
1144 2953 1343 3035 gravissima
1359 2967 1512 3018 veterum

233 3053 384 3170 afflat
410 3056 620 3132 documenta,
636 3057 756 3138 quibus
772 3057 974 3132 enuntiatur,
992 3057 1102 3120 Deum
1127 3059 1216 3138 prius
1233 3077 1291 3138 per
1319 3057 1514 3139 prophetas,

410 3161 531 3226 deinde
548 3182 605 3242 per
632 3163 789 3242 seipsum,
806 3173 922 3244 postea
949 3183 1007 3244 per
1031 3163 1203 3243 apostolos
1226 3163 1385 3238 locutum,
1409 3163 1512 3226 etiam

411 3265 616 3348 Scripturam
634 3267 832 3343 condidisse,
849 3287 935 3349 quae
958 3267 1119 3329 canonica
1144 3267 1338 3330 nominatur
1352 3263 1406 3348 (³),
1423 3287 1513 3330 eam·

409 3369 554 3450 demque
566 3387 638 3430 esse
653 3369 788 3431 oracula
804 3379 838 3432 et
854 3367 987 3450 eloquia
1014 3367 1128 3430 divina
1143 3367 1194 3450 (⁴),
1208 3367 1334 3432 litteras
1352 3387 1434 3444 esse,
1452 3369 1513 3431 hu·

410 3489 510 3532 mano
522 3469 634 3550 generi
652 3469 750 3552 longe
778 3471 922 3552 apatria
950 3471 1175 3552 peregrinanti
1202 3491 1222 3534 a
1250 3471 1348 3534 Patre
1375 3472 1515 3535 caelesti

275 3585 384 3635 Exineia
409 3578 505 3639 datas
532 3587 566 3638 et
592 3597 652 3658 per
676 3585 829 3640 auctores
856 3599 969 3642 sacros
994 3579 1208 3642 transmissas
1225 3577 1275 3660 (⁵).
1305 3578 1515 3657 Iam-tanta

233 3650 383 3780 Sffljsslsss
408 3699 510 3762 quum
528 3681 570 3743 sit
588 3681 794 3762 praestantia
809 3691 842 3743 et
855 3682 1002 3763 dignitas
1014 3681 1272 3763 Scripturarum,
1296 3691 1333 3743 ut
1349 3680 1426 3745 Deo
1439 3683 1514 3763 ipso

276 3786 383 3895 nterim
408 3792 542 3845 auctore
573 3781 753 3860 conlectae,
783 3784 947 3848 altissima
976 3787 1126 3848 eiusdem
1159 3786 1330 3867 mysteria,
1361 3787 1515 3863 consilia,

237 3910 383 3973 smmum,
408 3905 508 3968 opera
519 3887 795 3967 complectantur,
805 3887 887 3952 illud
900 3890 1123 3971 consequitur,
1139 3907 1214 3952 eam
1233 3908 1367 3971 quoque
1380 3899 1513 3971 partem

257 3985 379 4027 versatur.
407 4011 519 4053 sacrae
536 3991 733 4066 theologiae,
750 3993 884 4072 quaein
901 3993 1025 4056 eisdem
1050 3993 1171 4059 divinis
1189 3993 1297 4056 Libris
1314 3995 1454 4056 tuendis
1467 3995 1516 4056 in·

438 4154 457 4186 1.
476 4140 551 4185 Conc.
573 4139 627 4185 Vat.
651 4153 709 4185 sess.
735 4151 775 4184 111.
794 4155 846 4198 cap.
862 4141 1010 4191 nataeve.
1030 4166 1059 4175 -
1075 4155 1094 4186 2
1110 4141 1170 4186 llid.
1190 4165 1218 4176 -·
1233 4155 1254 4199 3.
1273 4139 1298 4187 S.
1319 4141 1449 4200 Δημὼ
1467 4147 1514 4192 cio.

407 4207 462 4258 Dei.
476 4218 512 4260 xl,
524 4223 543 4264 3.
558 4223 618 4264 -4.
631 4207 655 4252 S.
669 4208 743 4254 Clem.
759 4209 828 4253 Rom.
844 4210 894 4254 tad
906 4209 960 4255 Cor.
975 4221 1004 4267 45
1018 4224 1022 4262 ;
1034 4209 1058 4254 S.
1074 4209 1196 4266 Polycarp.
1214 4209 1246 4254 ad
1262 4208 1320 4254 Phil.
1340 4223 1373 4264 7;
1391 4211 1417 4256 S.
1437 4211 1513 4266 lreu,

406 4291 424 4322 c.
441 4277 516 4328 licen,
532 4285 558 4327 11.
572 4279 609 4328 28,
622 4290 645 4321 a.
657 4301 687 4310 -
702 4288 722 4334 5.
741 4275 768 4321 S.
779 4277 874 4333 Chrys..
887 4277 918 4321 In
932 4277 987 4322 Gen.
1001 4279 1061 4324 hom.
1075 4291 1096 4329 2,
1107 4291 1136 4331 ας
1158 4277 1181 4324 S.
1193 4277 1255 4336 Aug.
1270 4275 1297 4321 ia
1309 4277 1349 4323 Ps.
1367 4287 1512 4328 xxxserm.

406 4359 427 4397 a,
442 4358 453 4390 1
468 4343 508 4400 ;S
523 4345 594 4402 Greg.
614 4343 647 4390 hl.
666 4345 704 4388 ad.
719 4344 813 4390 'l'heod
826 4358 864 4403 ep.
879 4353 914 4397 tv,
926 4359 961 4403 31·
