3250 4888
393 295 460 346 102
523 293 709 348 ssrsrons
736 281 760 312 “¹
775 291 932 359 Qusnso
951 289 1131 344 sssuurs
1150 287 1332 344 saecuto.
1352 267 1371 296 ’'

384 441 465 506 buit.
480 441 579 506 Hanc
589 442 679 508 enirn
691 440 869 525 praecipue
880 442 1082 506 sententiam
1092 448 1196 523 atque
1207 437 1272 504 hoc
1284 439 1498 523 propositum

385 546 456 610 eius
472 544 636 610 insedisse
650 545 765 611 animo
780 555 935 625 constat;
950 544 1082 610 aditum
1110 541 1299 628 Evangelio
1314 561 1375 628 per
1390 561 1498 608 novas

385 657 490 714 terras
502 668 657 733 novaque
667 648 773 714 maria
788 648 988 732 patefacere.

432 751 471 817 ld
488 749 625 835 quidem
641 771 761 836 parum
778 751 957 818 verisimile
968 751 1073 817 videri
1089 749 1137 816 eis
1152 757 1275 834 potest,
1286 749 1343 832 qui
1357 748 1393 813 in
1409 749 1499 816 banc
1618 732 1619 735 ¹

386 873 494 920 rerum
511 864 676 934 naturam,
692 875 778 940 quae
803 857 984 941 percipitur
1000 853 1162 932 sensibus,
1177 852 1386 938 cogitatione
1399 853 1495 919 omni
1619 933 1620 944 ἵ

386 964 532 1042 curaque
547 963 730 1038 contracta,
745 969 900 1025 recusant
924 959 1045 1024 intueri
1070 959 1207 1023 maiora
1222 955 1351 1024 —Sed
1379 965 1497 1022 contra

38 1151 40 1162 A
150 1145 152 1150 ,
260 1074 361 1126 Sinniu
387 1063 421 1128 in
438 1063 598 1128 maximis
607 1063 752 1147 ingeniis
766 1063 831 1128 hnc
848 1061 916 1128 iere
931 1063 1064 1141 existit
1074 1071 1111 1128 ut
1135 1060 1256 1126 malint
1270 1058 1372 1125 altius
1388 1079 1497 1126 assur·

135 1697 136 1704 η
237 1665 290 1712 tius
306 1661 366 1712 inde

208 1143 363 1256 4⁸⁸⁵?ssss
387 1185 492 1250 gere:
513 1176 592 1231 sunt
615 1165 705 1231 enim
728 1167 770 1232 ad
797 1165 1036 1249 concipiendos
1059 1163 1194 1230 divinae
1219 1159 1297 1230 fidei
1321 1163 1499 1230 instinctus

209 1286 362 1348 quamun-
388 1265 589 1353 afflatusque
615 1267 744 1354 optime
765 1269 917 1335 omnium
935 1277 1140 1354 comparata.
1156 1265 1257 1334 Certe
1272 1266 1424 1332 studium
1440 1287 1498 1332 na·

212 1342 364 1468 emm?
388 1382 484 1438 turae
510 1389 587 1438 eum
613 1371 783 1456 religionis
814 1372 927 1438 studio
947 1372 1135 1440 Columbus
1149 1371 1385 1449 coniunxerat,
1396 1381 1499 1456 atque

235 1467 365 1583 ¹:322
390 1475 518 1540 haustis
533 1495 578 1540 ex
594 1475 714 1540 intima
726 1470 792 1540 tide
807 1475 973 1542 catholica
987 1476 1177 1560 praeceptis
1202 1485 1352 1541 mentem
1368 1474 1500 1540 consor.

210 1605 306 1662 parm,
326 1597 364 1646 ar·
391 1587 506 1644 marat
525 1577 601 1642 Hac
616 1579 660 1643 dc
675 1597 794 1643 caussa
820 1597 897 1644 curn
928 1599 974 1643 ex
1004 1579 1231 1646 astronomica
1260 1578 1442 1665 disciplina
1465 1591 1500 1644 et
1621 1559 1622 1608 l

235 1735 316 1778 manu
326 1743 364 1776 as-
391 1691 541 1746 veterum
558 1680 786 1748 monumentis
801 1682 1029 1766 comperisset,
1044 1693 1136 1749 trans
1148 1683 1220 1749 noti
1232 1682 1501 1750 orbis-terminos

241 1793 364 1854 sancxit.
392 1801 517 1870 magna
539 1795 701 1850 terrarum
726 1785 835 1868 spatia
850 1786 953 1852 ctiam
983 1786 1016 1852 in
1041 1786 1251 1853 occidentem
1279 1795 1404 1872 patere,
1419 1787 1502 1852 nulli

235 1861 367 1989 {mm
391 1889 566 1955 hominum
583 1888 713 1954 adeam
731 1888 820 1954 diem
837 1889 1025 1973 explorata,
1040 1891 1281 1956 obversabatur
1292 1891 1408 1954 animo
1417 1889 1500 1954 mul·
1622 1859 1623 1884 F

233 1989 367 2106 *zm
392 1994 504 2060 titudo
513 1992 642 2078 ingens,
653 1993 851 2058 miserandis
861 1993 1062 2059 circumfusa
1072 1993 1228 2073 tenebris,
1239 1994 1372 2060 vesanis
1382 1993 1502 2058 ritibus

237 2121 367 2170 emmer·
393 2117 432 2162 ac
463 2096 602 2162 deorum
629 2097 779 2164 inaniunt
806 2097 1101 2181 superstitionibus
1129 2096 1304 2182 implicita.
1336 2097 1500 2162 Miserum

215 2186 368 2262 “misti''
394 2199 518 2284 agresti
534 2200 626 2265 cultu
643 2197 787 2283 serisque
803 2199 952 2266 moribus
967 2201 1078 2266 vivere
1093 2225 1100 2267 :
1117 2201 1269 2268 miserius
1284 2219 1398 2266 carere
1413 2203 1501 2265 noti·
1623 2201 1624 2204 ’

216 2253 369 2381 trapam
394 2307 442 2369 tia
457 2321 566 2368 rerum
584 2306 819 2381 maximarum,
835 2315 937 2388 atque
952 2307 985 2370 in
1003 2307 1100 2371 unius
1115 2307 1184 2371 veri
1202 2305 1267 2372 Dei
1288 2306 1501 2391 ignoratione

250 2397 371 2560 ⁶⁰sz
394 2407 527 2474 versari.
545 2407 640 2472 Haec
661 2407 764 2490 igitur
779 2408 868 2491 apud
894 2409 1045 2475 animum
1070 2429 1169 2476 suunt
1196 2409 1339 2494 agitans,
1354 2411 1501 2493 primum

254 2528 266 2560 c
284 2513 370 2589 ruua·
396 2513 547 2596 pmniurn
563 2513 737 2595 expetivit,
751 2511 969 2578 christianum
985 2533 1119 2594 nomen,
1128 2514 1329 2580 christianae
1341 2511 1504 2578 beneficia

234 2578 372 2694 imi:
397 2615 545 2681 caritatis
569 2616 602 2680 in
628 2615 837 2681 occidentem
868 2618 1074 2682 extendere:
1090 2618 1181 2700 quod
1208 2619 1282 2682 tota
1311 2613 1358 2680 rei
1387 2625 1505 2699 gestae

219 2721 316 2760 nomm.
397 2720 537 2784 historia
559 2719 693 2784 abunde
718 2720 965 2803 comprobatur.
982 2719 1073 2786 Sane
1095 2739 1171 2785 curn
1195 2719 1447 2785 aFerdinando
1469 2731 1505 2785 et

252 2872 370 2937 Hm·
401 2823 544 2888 isabella
562 2823 749 2907 Hispaniae
761 2825 895 2908 regibus
911 2825 1056 2909 primurn
1070 2823 1176 2909 petiit,
1191 2841 1262 2888 rem
1280 2821 1448 2905 suscipere
1461 2842 1505 2886 ne

220 2939 261 2988 oar
283 2937 371 2988 Ponit·
396 2937 621 3011 gravarentur,
634 2925 733 3010 plane
748 2928 892 3012 exponit
909 2947 1073 3008 caussam,
1090 2928 1170 3008 fore
1184 2935 1223 2990 ut
1241 2925 1384 3009 ipsorum
1391 2923 1506 3008 gloria

211 3003 371 3119 &offis
395 3032 443 3094 ad
463 3031 746 3096 immortalitatem
766 3041 922 3110 cresceret,
951 3032 985 3098 si
1007 3053 1120 3096 nomen
1149 3051 1189 3096 ac
1215 3029 1399 3094 doctrinam
1428 3027 1504 3094 Iesu

252 3134 305 3184 sius
325 3077 371 3214 ἐξ
399 3133 526 3201 Chresti
539 3135 663 3216 inferre
678 3136 713 3199 in
731 3135 874 3220 regiones
899 3147 970 3201 tarn
993 3136 1086 3220 longe
1108 3135 1247 3199 dr'ssitas
1276 3133 1506 3199 instituissent.

289 3201 369 3252 m*
396 3239 469 3304 Nec
486 3239 592 3304 multo
616 3239 721 3303 serius
749 3258 888 3322 compos
915 3249 1069 3304 votorum
1102 3239 1220 3318 sactus,
1235 3239 1420 3304 contendere
1434 3260 1466 3303 se
1481 3261 1505 3303 a

394 3344 464 3408 Deo
479 3353 630 3420 testatur,
644 3353 684 3406 ut
698 3363 787 3428 reges
800 3341 919 3407 debinc
934 3344 1005 3407 eius
1015 3355 1068 3426 ope
1078 3343 1256 3428 gratiaque
1271 3343 1352 3408 velle
1359 3354 1506 3428 pergant

359 3481 360 3489 κ
396 3467 496 3513 nonas
510 3469 586 3512 oras
602 3469 685 3512 nova
699 3448 800 3514 litora
809 3447 992 3533 Evangelio
1006 3447 1154 3514 imbuere.
1168 3449 1226 3514 Ab
1238 3448 1439 3514 Alexandro
1451 3447 1505 3514 vt

283 3547 292 3572 ⁰
397 3549 559 3618 Pontifice
581 3553 735 3629 maximo
761 3553 849 3618 viros
879 3551 1084 3636 apostolicos
1114 3562 1261 3617 maturat
1291 3572 1351 3636 per
1375 3551 1507 3617 litteras

394 3667 517 3738 petere,
532 3656 699 3738 inquibus
714 3675 754 3718 ea
765 3665 816 3720 est
832 3657 1017 3720 sententia:
1032 3671 1272 3720 sacrosanctum
1288 3653 1363 3719 Iesu
1377 3653 1509 3722 cunuti

394 3779 508 3821 nomen
523 3767 555 3822 et
568 3755 791 3839 Evangelium
816 3780 917 3842 quarn
942 3759 1103 3824 latissime
1128 3757 1346 3824 disseminare
1367 3781 1418 3824 me
1438 3759 1507 3824 ali-

393 3862 523 3944 quando
530 3872 633 3944 porse,
648 3859 718 3924 Deo
732 3860 890 3940 adiutore,
905 3861 1034 3947 confido.
1053 3863 1168 3948 Atque
1184 3863 1392 3941 efferebatur,
1407 3872 1507 3945 puta·

395 3988 478 4046 mus,
493 3969 627 4051 gaudio,
654 3986 730 4032 curn
752 3965 917 4048 Raphaeli
945 3965 1130 4032 Sanchesio
1157 3967 1303 4050 primum
1328 3967 1372 4032 ab
1404 3965 1508 4032 India

393 4073 501 4136 redux
517 4071 695 4154 Olisiponc
710 4071 879 4148 scriberet,
893 4069 1039 4154 wonder
1054 4069 1125 4134 Deo
1148 4069 1351 4134 immortales
1360 4068 1507 4154 gruem,

393 4175 481 4260 quod
491 4175 557 4240 sibi
570 4195 729 4240 successus
754 4185 824 4239 tam
832 4184 1002 4258 prosperos
1027 4171 1160 4255 benigne
1186 4172 1347 4238 dedrsmt:
1357 4173 1510 4256 gaudere

393 4299 432 4343 ac
455 4278 660 4361 triumphare
685 4277 794 4342 Iesum
812 4275 984 4344 Christum
1001 4277 1036 4339 in
1052 4278 1151 4342 terris
1165 4297 1265 4362 aeque
1280 4298 1319 4342 ac
1344 4279 1380 4344 in
1404 4280 1508 4344 caeles
