3250 4888
422 291 490 362 134
545 295 733 348 murense
751 298 1008 350 neosrourcns
1029 289 1050 314 ‘⁸
1068 300 1300 370 canvrssrua
1320 301 1404 352 uos.
1428 281 1445 304 ’¹

417 399 1511 422 Ἣ

265 449 389 500 nttumt-
417 448 623 528 praescripto
639 447 761 512 habeat
786 451 1030 515 excolendam:
1054 453 1257 537 alebantque
1285 456 1318 518 in
1336 456 1445 519 Nobis
1460 476 1511 518 ex·
1536 531 1538 538 Ι

240 523 389 646 miii]
417 551 642 632 pectationem
665 571 730 615 non
758 555 859 618 modo
885 565 1046 636 perpetua
1062 557 1257 622 testimonia
1273 579 1425 622 summae
1450 560 1512 622 eius

187 727 190 738 Ι
259 647 392 762 mie?
418 653 551 734 pietatis
578 655 611 716 in
637 655 725 720 hanc
751 657 985 739 Apostolicam
1013 659 1147 738 Sedem,
1163 663 1220 726 sed
1238 665 1394 745 propriae
1419 664 1513 746 ipsius

240 785 389 856 mampprc.
417 769 568 821 sacratae
584 760 683 841 leges,
700 761 819 842 quibus
843 763 970 826 alumni
994 765 1194 844 sapientiam
1212 766 1396 849 Aquinatis
1413 788 1512 848 perse·

240 853 390 972 ,cgyib'ffi
416 864 471 944 qui
498 873 531 926 et
558 864 705 946 profiteri
732 875 897 930 tenentur.
921 867 1032 930 -Ea
1060 867 1161 949 igitur
1188 881 1300 934 mente
1318 881 1354 934 ut
1370 869 1513 936 Societas

240 978 337 1024 cirenae
360 975 387 1023 5.
420 966 504 1030 IEsv
525 968 557 1029 in
579 969 751 1051 proposito
778 979 847 1032 tam
873 967 1043 1050 praeclaro
1062 968 1254 1034 fidelissime
1270 981 1412 1052 constet,
1423 982 1515 1054 atque

285 1041 391 1154 Ἐξ
416 1069 526 1132 iocum
542 1091 618 1133 curn
633 1073 748 1152 primis
763 1081 879 1136 teneat
895 1075 926 1135 in
944 1094 993 1150 ea,
1003 1075 1055 1136 cui
1072 1083 1248 1156 tantopere
1264 1077 1449 1152 studemus,
1465 1078 1515 1140 do·

239 1178 313 1221 ‘tam-
416 1175 523 1238 ctrina
541 1195 616 1238 vera
632 1177 758 1240 tuenda
773 1185 807 1238 et
824 1179 1052 1260 propaganda,
1068 1179 1175 1240 visum
1193 1187 1244 1241 est
1257 1179 1392 1243 easdem
1411 1179 1515 1245 Socie-

292 1284 390 1364 ¹trasn-
417 1277 495 1340 tatis
527 1277 627 1360 leges,
663 1289 761 1360 prout
789 1279 821 1342 in
854 1281 1152 1345 constitutionibus
1186 1283 1309 1363 ignatii
1342 1283 1463 1360 Patris,
1487 1283 1515 1346 in

235 1366 391 1466 ξῖζξῗᾮᾟ
416 1381 557 1444 decretis
571 1384 871 1465 congregationum
893 1385 1110 1465 generalium,
1133 1386 1166 1448 in
1195 1384 1364 1446 mandatis
1382 1404 1517 1466 praepo-

240 1483 390 1612 qsgremjpg·
416 1485 554 1549 sitorum
572 1487 747 1562 habentur,
764 1487 796 1550 in
825 1508 992 1551 summam
1021 1491 1204 1570 quamdam
1222 1485 1384 1564 conferre,
1401 1507 1518 1570 easque

260 1613 390 1677 accusor.
417 1588 529 1652 firmas
542 1598 643 1672 atque
655 1591 686 1652 in
700 1601 899 1673 perpetuum
913 1603 1003 1655 ratas
1017 1613 1173 1674 suprema
1184 1591 1387 1655 auctoritate
1398 1587 1518 1652 Nostra

234 1679 390 1792 ''725“ssss
417 1693 592 1756 declarare.
610 1693 689 1776 Quo
705 1697 806 1759 etiam
825 1694 880 1758 fiet
897 1707 943 1772 ut,
956 1699 980 1760 si
1001 1717 1087 1780 quae
1098 1698 1187 1760 forte·
1199 1694 1371 1776 speciosae
1388 1713 1519 1758 caussae

259 1809 392 1886 ¹refectus
417 1797 468 1860 vel
490 1797 647 1860 inductae
664 1801 915 1880 consuetudinis
942 1801 1055 1883 aliqua
1078 1821 1122 1864 ex
1140 1811 1235 1884 parte
1251 1798 1451 1876 contrariae,
1473 1797 1518 1860 vei

242 1875 336 1990 ms
352 1891 390 1922 m-
406 1888 529 1962 ¹minus
554 1893 665 1964 rectae
684 1903 978 1984 interpretationis,
995 1906 1171 1982 resideant,
1187 1906 1235 1968 eis
1263 1904 1396 1986 penitus
1414 1903 1518 1966 subla·

419 2005 470 2079 tis,
483 2003 608 2089 ¹‘regula
624 2016 657 2068 et
681 2025 798 2069 norma
822 2015 989 2070 statuatur
1012 2029 1031 2070 a
1055 2009 1164 2072 Nobis
1187 2016 1286 2084 certa,
1310 2005 1453 2082 stabilis,
1469 2007 1520 2069 de·

421 2107 522 2173 finita.
580 2162 583 2167 .

281 2242 308 2291 5,
319 2243 393 2304 ng-
465 2212 565 2295 Quod
583 2215 727 2294 primurn
745 2225 804 2293 est,
821 2215 921 2298 idque
944 2216 1101 2279 omnibus
1115 2215 1218 2296 probe
1235 2224 1364 2290 notum,
1383 2213 1433 2276 sic
1447 2215 1518 2275 insi·

269 2307 394 2420 diiii?
421 2319 495 2399 gnis
506 2317 744 2382 ilieSocietatis
757 2329 873 2382 auctor
884 2320 1007 2382 crebris
1017 2320 1296 2382 constitutionum
1314 2318 1395 2381 locis
1412 2317 1520 2380 decre·

270 2437 395 2502 quendam
423 2421 476 2497 vit,
487 2423 690 2502 sequendam
708 2423 740 2484 in
754 2443 956 2506 unaquaque
972 2423 1149 2506 disciplina
1168 2423 1357 2486 doctrinam
1381 2423 1521 2486 solidam

247 2503 396 2616 iiiiii:
421 2533 454 2588 et
470 2545 629 2602 securam,
646 2537 746 2608 atquc
757 2527 858 2590 etiam
875 2527 1067 2590 securiorem
1079 2535 1111 2590 et
1126 2525 1234 2609 magis
1243 2525 1454 2608 approbatam
1465 2523 1524 2606 (¹):

277 2635 388 2696 erncagu
421 2629 508 2708 quod
539 2627 661 2709 pluries
688 2630 773 2692 redit
790 2632 898 2712 ipsum
914 2652 971 2712 per
982 2633 1116 2694 decreta
1133 2629 1166 2694 'et
1183 2632 1271 2693 iussa
1288 2639 1359 2692 tum
1387 2649 1522 2710 congre·

244 2699 394 2812 cambii
421 2734 594 2812 gationum
613 2746 683 2796 tum
702 2737 968 2816 praepositorum
987 2737 1048 2798 rite
1071 2735 1282 2798 affirmatum.
1302 2733 1379 2795 Hoc
1412 2743 1521 2796 autem

243 2827 398 2957 wilm}
420 2837 564 2918 amplius
583 2837 637 2898 iile
653 2839 831 2920 praecepit,
848 2849 884 2901 ut
901 2839 1064 2914 doctrina,
1083 2859 1184 2921 quam
1202 2845 1398 2919 sequeretur
1417 2835 1524 2901 Socie-

285 2965 367 3022 postea
378 2976 393 3006 a
421 2950 481 3016 taS,
497 2961 564 3003 una
581 2943 765 3023 eademque
782 2953 869 3004 esset
886 2943 976 3023 apud
993 2963 1110 3006 omnes
1127 2953 1229 3024 atque
1245 2941 1278 3002 in
1298 2940 1390 3002 omni
1414 2957 1524 3002 mune·

260 3026 394 3154 ’ἴέᾕὲθῇ
422 3063 493 3106 rum
523 3043 878 3125 perfunctionezldem
902 3049 1081 3128 sapiamus,
1106 3047 1199 3122 ulem,
1221 3043 1332 3127 quoad
1354 3043 1427 3106 eius
1449 3039 1527 3128 fieti

297 3165 394 3204 eiacum
414 3147 528 3228 possit,
553 3147 702 3210 dicamus
727 3169 845 3230 onmes,
875 3151 969 3213 iuxta
1000 3149 1200 3232 Apostolum.
1216 3147 1395 3212 Doctrinae
1426 3147 1529 3230 igitur

268 3227 394 3269 cst-ue·
454 3251 458 3262 ·
782 3254 787 3265 .
1116 3253 1121 3265 ,
1236 3253 1242 3266 ,
1292 3251 1299 3265 ,
1496 3249 1501 3262 ,

245 3301 304 3334 rum
319 3287 395 3334 eriam
420 3250 676 3333 dufercntescrou
692 3253 922 3331 admittantur,
933 3275 988 3317 nec
998 3255 1091 3318 uerbo
1107 3275 1142 3315 m
1154 3252 1357 3316 concionibus
1366 3251 1420 3314 vel
1427 3253 1527 3313 lectio·

313 3353 399 3465 ”01³3
423 3353 518 3418 nibus
536 3354 686 3436 publicis,
702 3377 756 3418 nec
770 3357 901 3439 scriptis
927 3357 1021 3420 libris
1032 3359 1093 3440 (²):
1111 3359 1190 3420 item
1210 3355 1356 3419 :Patres
1380 3349 1529 3436 deputati

245 3424 396 3530 {maim
421 3459 581 3521 extrariis
596 3459 855 3542 nationibuspro
870 3461 953 3524 libro
972 3461 1011 3523 rie
1027 3461 1152 3523 ratione
1169 3457 1356 3522 studiorum
1384 3474 1528 3537 recogno·

244 3547 393 3609 doctrinam,
421 3561 541 3637 scendo,
557 3584 658 3644 quum
680 3563 719 3626 dc
741 3564 860 3627 delectu
876 3565 1064 3645 opinionum
1088 3564 1200 3646 primo
1226 3561 1290 3625 loco
1320 3559 1528 3623 tractandum

421 3666 624 3743 censuissent,
633 3689 671 3729 ac
682 3678 850 3749 tamquam
857 3667 1119 3749 fundumentum
1139 3664 1391 3748 proposuissent,
1414 3661 1528 3727 doctri-

422 3789 499 3833 nam
513 3771 680 3836 Societcrtis
693 3793 760 3834 esse
781 3771 901 3834 dedere
915 3772 1124 3851 uniformem,
1151 3789 1299 3833 securam
1324 3777 1355 3831 et
1380 3767 1529 3840 solidam,

298 3906 353 3948 rum
366 3901 395 3949 d,
423 3873 515 3935 iuxta
530 3875 772 3937 constitutiones
776 3923 898 3937 .........
913 3875 966 3958 (3),
983 3874 1079 3957 Quae
1095 3875 1232 3957 quidem
1260 3871 1437 3935 uniformis
1454 3873 1529 3934 doc·

258 3968 396 4094 qtz'ss‘ffij
421 3977 528 4040 trinae
544 3979 736 4059 praeceptio
754 3999 819 4040 non
837 3998 878 4041 eo
893 3978 1119 4041 circumscribi
1137 3977 1289 4058 putanda
1311 3985 1371 4052 est,
1388 3985 1426 4040 ut
1458 3993 1530 4038 sen·

266 4097 295 4143 cn
307 4097 395 4146 setius
421 4083 543 4146 tentias
560 4083 797 4146 tantummodo
813 4101 899 4163 quae
916 4092 994 4144 sunt
1014 4081 1046 4143 in
1061 4081 1183 4144 scholis
1207 4098 1404 4142 communes
1429 4063 1537 4160 respi·'

242 4169 383 4212 communes

385 4201 391 4223 ·
420 4185 496 4260 ciat,
512 4205 625 4247 verum
643 4185 743 4248 etiam
762 4185 804 4247 ad
821 4184 999 4264 opiniones
1032 4183 1132 4247 latius
1160 4183 1326 4263 pertinere
1349 4181 1531 4264 dequibus
