3222 4888
419 271 491 344 218
544 293 642 344 mar.
665 293 823 346 sueres.
847 282 867 310 “
887 295 1261 375 raovroarrrrssnrus
1280 297 1389 348 osus.
1407 275 1423 303 ''

415 439 531 523 Atque
558 444 659 506 etiam
685 447 870 510 curandum
899 456 936 510 ut
959 448 1115 511 omnibus
1140 449 1172 510 in
1200 445 1406 522 Academiis,
1427 447 1509 527 quod

415 545 481 608 iam
512 547 544 610 in
571 547 685 610 multis
710 559 880 634 receptum
909 551 1120 616 laudabiliter
1143 562 1203 628 est,
1227 552 1269 612 de
1296 549 1415 611 ceteris
1437 547 1509 610 item

414 649 561 731 antiquis
578 651 710 733 linguis,
727 652 876 716 maxime
896 655 1064 732 semiticis,
1080 657 1190 736 deque
1212 663 1418 734 congruente
1441 672 1510 716 cum

415 752 479 816 illis
494 753 690 833 eruditione,¹
706 756 773 820 sint
790 759 991 840 magisteria,
1018 780 1132 823 eorum
1159 757 1334 838 inprimis
1361 755 1436 818 usui
1462 757 1512 838 qui

415 860 458 922 ad
475 866 586 921 sacras
604 859 749 924 Litteras
773 860 980 944 profitendae
995 863 1223 946 designantur.
1238 895 1281 908 -
1308 859 1384 922 Hos
1406 869 1513 924 autern

252 959 393 1074 ssczltmfflz
415 963 516 1044 ipsos,
531 963 680 1026 eiusdem
698 964 743 1026 rei
759 965 877 1048 gratia,
889 967 1056 1031 doctiores
1068 987 1141 1030 esse
1156 978 1290 1051 oportet
1306 978 1409 1048 atque
1426 986 1514 1028 exer-

237 1089 388 1150 abutuntur,
415 1065 584 1130 citatiores
600 1067 633 1129 in
650 1087 728 1132 vera
752 1068 832 1132 artis
859 1071 992 1134 criticae
1016 1069 1213 1153 disciplina:
1231 1089 1405 1152 perperam
1432 1068 1514 1131 enim

236 1163 391 1270 Jjsstffi'je
416 1180 541 1232 etcum
567 1168 738 1252 religionis
760 1171 886 1236 damno
913 1173 1087 1237 inductum
1104 1183 1156 1238 est
1172 1172 1360 1248 artificium,
1383 1173 1517 1234 nomine

260 1287 387 1346 historica,
416 1274 631 1338 honestatum
659 1275 793 1339 criticae
816 1275 1029 1353 sublimioris,
1045 1295 1120 1358 quo,
1136 1297 1181 1340 ex
1206 1277 1285 1340 solis
1302 1275 1452 1352 internis,
1474 1274 1517 1335 uti

246 1358 391 1466 “22ss2ssss
416 1377 607 1460 loquuntur,
623 1378 818 1459 rationibus,
833 1381 1019 1462 cuiuspiam
1045 1379 1117 1442 libri
1142 1380 1247 1462 origo,
1263 1380 1451 1462 integritas,
1465 1399 1517 1442 au·

242 1489 390 1559 pfascasre-
416 1483 553 1548 ctoritas
577 1483 760 1548 diiudicata
792 1492 975 1566 emergant.
1011 1483 1138 1549 Contra
1166 1486 1377 1568 perspicuum
1404 1495 1468 1560 est,
1489 1483 1517 1544 io

247 1549 389 1664 'mlx'
416 1587 667 1670 quaestionibus
684 1589 730 1651 rei
747 1588 933 1666 historicae,
949 1587 1135 1653 cuiusmodi
1152 1589 1247 1670 origo
1263 1599 1296 1650 et
1311 1587 1519 1650 conservatio

237 1679 389 1793 ἄζῃ]
416 1691 586 1771 librorum,
613 1692 772 1756 historiae
799 1693 993 1756 testimonia
1019 1694 1130 1756 valere
1156 1711 1235 1774 prae
1261 1691 1390 1766 ceteris,
1418 1709 1519 1772 eaque

265 1809 391 1886 pqcandas
415 1813 487 1858 esse
513 1815 614 1878 quam
642 1797 887 1862 studiosissime
914 1807 948 1859 et
975 1797 1204 1879 conquirenda
1234 1805 1267 1857 et
1293 1794 1519 1856 excutienda:

237 1876 389 2004 {mm}
414 1897 487 1961 illas
503 1918 583 1961 vero
599 1900 745 1963 rationes
762 1901 911 1963 internas
928 1901 1125 1984 plerumque
1142 1919 1208 1963 non
1233 1917 1305 1960 esse
1322 1897 1421 1975 tanti,
1438 1907 1475 1960 ut
1489 1897 1518 1959 in

237 2007 305 2056 dam.
414 2021 577 2080 caussam,
593 2003 656 2066 nisi
683 2003 726 2067 ad
743 2005 926 2086 quamdam
953 2003 1253 2077 confirmationem,
1269 2002 1402 2084 possint
1420 2003 1517 2065 advo-

282 2122 356 2170 Secus
367 2121 392 2170 si
414 2107 489 2170 cari.
507 2107 610 2172 Secus
627 2108 653 2170 si
670 2106 738 2186 fiat,
755 2129 879 2190 magna
896 2107 1046 2190 profecto
1069 2117 1316 2189 consequentur
1332 2107 1516 2169 incommo-

240 2185 303 2300 βξ
311 2201 388 2301 ίζζὲζ
414 2212 465 2274 da.
474 2209 562 2274 Nam
579 2212 732 2275 hostibus
748 2212 918 2294 religionis
928 2211 1003 2296 plus
1013 2210 1237 2276 confidentiae
1251 2209 1401 2274 loturum
1420 2222 1471 2273 est
1487 2221 1517 2271 ut

274 2325 391 2396 ,retunt
414 2335 583 2379 sacrorum
600 2316 891 2382 authenticitatem
904 2315 1081 2380 Librorum
1095 2316 1261 2397 impetant
1273 2325 1307 2377 et
1317 2315 1518 2395 discerpant:

239 2383 389 2498 'mm‘
415 2418 496 2481 illud
524 2419 632 2500 ipsum
661 2418 751 2501 quod
775 2419 947 2482 extollunt
969 2439 1075 2504 genus
1091 2421 1225 2482 criticae
1242 2417 1460 2494 sublimioris,
1482 2438 1517 2478 eo

238 2521 273 2564 ‘⁰-
414 2523 550 2586 demum
562 2523 697 2601 recidet,
708 2535 744 2586 ut
760 2543 857 2586 suum
871 2525 1012 2606 quisque
1022 2525 1170 2587 studium
1188 2521 1518 2604 praeiudicatamque

415 2626 608 2708 opinionem
625 2627 878 2709 interpretando
895 2639 1083 2692 sectentur:
1108 2627 1185 2690 inde
1202 2645 1309 2707 neque
1338 2624 1518 2708 Scripturis

415 2731 602 2812 quaesitum
620 2732 731 2795 lumen
749 2731 894 2807 accedet,
911 2751 1019 2814 neque
1032 2731 1099 2796 ulla
1122 2731 1295 2794 doctrinae
1310 2730 1442 2792 oritura
1463 2731 1518 2791 uti·
1583 2781 1584 2790 ,

415 2834 491 2898 litas
507 2845 567 2913 est,
582 2835 641 2898 sed
653 2846 744 2900 certa
760 2838 816 2902 illa
833 2840 962 2922 patebit
978 2839 1095 2904 erroris
1112 2847 1294 2918 nota,quae
1311 2849 1362 2900 est
1378 2837 1518 2900 varietas

415 2949 450 3001 et
475 2935 713 3001 dissimilitudo
744 2941 921 3020 sentiendi,
951 2951 989 3006 ut
1015 2943 1083 3008 iam
1111 2944 1173 3026 ipsi
1205 2953 1284 3008 sunt
1315 2945 1518 3008 documento
1582 2999 1583 3006 ,

416 3041 554 3105 huiusce
571 3061 677 3106 novae
694 3043 860 3127 principes
887 3047 1104 3128 disciplinae:
1130 3048 1209 3111 inde
1224 3049 1337 3124 etiam,
1353 3049 1436 3130 quia
1459 3049 1518 3129 ple·

417 3145 510 3228 rique
526 3145 640 3208 insecti
658 3157 735 3210 sunt
751 3167 858 3212 vanae
875 3149 1107 3232 philosophiae
1134 3161 1168 3214 et
1184 3152 1409 3216 rationalismi
1427 3153 1518 3236 placi·

417 3250 469 3328 tis,
485 3249 561 3312 ideo
577 3250 781 3330 prophetias,
809 3251 979 3330 miracula,
995 3264 1107 3317 cetera
1129 3275 1361 3338 quaecumque
1385 3269 1518 3321 naturae
1580 3239 1582 3254 ⁴

418 3353 569 3417 ordinem
586 3365 754 3434 superent,
769 3375 814 3418 ex
831 3357 933 3419 sacris
952 3356 1061 3420 Libris
1089 3361 1261 3424 dimovere
1278 3379 1345 3422 non
1362 3361 1517 3424 verebun-

275 3486 392 3534 Multum
419 3466 479 3522 tur.
494 3495 539 3506 -
562 3457 859 3541 Congrediendum
876 3457 1026 3524 'secundo
1042 3461 1115 3523 loco
1131 3483 1206 3524 cum
1225 3462 1273 3539 iis,
1289 3462 1345 3543 qui
1362 3465 1427 3525 sud
1443 3463 1518 3544 phy-

243 3551 395 3680 noljszjg}
418 3562 561 3624 sicorum
593 3562 732 3625 scientia
762 3562 867 3640 abusi,
890 3582 1002 3625 sacros
1033 3563 1153 3628 Libros
1184 3564 1342 3628 omnibus
1375 3566 1517 3648 vestigiis

284 3681 394 3745 physico·
419 3663 591 3746 indagant,
604 3667 692 3728 unde
703 3665 895 3728 auctoribus
907 3665 1072 3730 inscitiam
1089 3687 1197 3730 rerum
1210 3667 1326 3730 talium
1339 3679 1518 3752 opponant,

243 3763 302 3795 mm
317 3748 394 3795 scien-

262 3813 300 3859 ria
312 3812 393 3872 arent,
419 3768 543 3850 scripta
559 3768 632 3849 ipsa
648 3768 847 3850 vituperent.
864 3767 960 3851 Quae
983 3770 1119 3852 quidem
1137 3771 1405 3834 insimulationes
1422 3789 1516 3854 quun

259 3893 339 3926 sacros
350 3879 394 3956 ti·
420 3889 471 3933 res
487 3871 656 3954 attingant
672 3873 825 3936 sensibus
840 3873 999 3950 obiectas,
1014 3893 1054 3938 eo
1082 3873 1335 3956 periculosiores
1358 3875 1517 3944 accidunt,

270 3943 395 4072 ,2:222ss
421 3986 596 4038 manantes
614 3977 646 4038 in
669 3977 799 4058 vulgus,
823 3977 972 4040 maxime
999 3977 1032 4040 in
1049 3977 1200 4040 deditam
1226 3978 1346 4041 litteris
1371 3979 1515 4044 iuventu-

245 4080 317 4124 runt.
420 4085 510 4156 tem;
527 4098 622 4159 quae,
644 4079 747 4142 semel
773 4079 992 4144 reverentiam
1020 4079 1153 4143 divinae
1178 4083 1392 4148 revelationis
1408 4087 1440 4148 in
1458 4103 1516 4146 uno

420 4179 533 4263 aliquo
548 4182 658 4264 capite
674 4184 815 4258 exuerit,
833 4181 927 4246 facile
944 4185 975 4246 in
994 4184 1151 4247 omnibus
1174 4208 1310 4252 omnem
1327 4190 1399 4254 eius
1423 4187 1514 4252 fidem

421 4297 472 4352 est
488 4287 674 4354 dimissura
694 4287 845 4354 Nimium
863 4311 943 4355 sane
966 4301 1108 4368 constat,
1126 4294 1304 4356 denatura
1333 4293 1512 4356 doctrinam
