3296 4886
377 269 427 338 60
503 284 693 335 armenas
719 285 975 336 neosnomcnn
997 272 1018 300 ‘⁴
1036 287 1088 336 nn
1117 287 1330 339 unrvnnsns
1351 265 1368 293 ”

376 434 531 498 Dioecesi
549 433 582 499 S.
601 435 689 498 Petri
701 433 864 498 Fluminis
881 435 1088 500 Grandensis
1104 437 1272 503 dividetur
1290 438 1484 504 fluminibus

368 537 531 618 'Uruguai
549 537 683 602 Pelotas
700 537 893 620 Cerquinha
909 547 942 602 et
960 539 1113 619 Barroca,
1125 560 1186 605 nec
1205 561 1271 605 non
1289 543 1376 606 linea
1391 552 1483 608 recta

374 640 418 703 ad
444 641 608 704 Austrum
634 661 653 704 a
682 640 830 706 sontibus
857 641 956 706 huius
981 644 1127 708 fluminis
1156 643 1327 728 usquead
1354 645 1483 710 iontem

376 743 523 808 fluminis
544 745 717 812 Desertao.
743 783 787 796 -
812 745 871 810 Ad
898 767 1054 812 occasum
1094 748 1231 813 tandem
1265 749 1486 832 Reipublicae

376 849 587 929 Argentinae
602 849 685 916 fines
699 851 853 933 attinget.

227 965 352 1040 Dioecqses
421 953 477 1016 Ad
502 963 632 1018 ceteras
655 965 768 1019 autem
793 957 964 1021 dioeceses
983 958 1073 1041 quod
1102 958 1231 1037 attinet,
1255 959 1298 1023 de
1314 959 1434 1042 quibus
1450 959 1486 1023 in

200 1029 352 1142 ,Z‘qjssffi
377 1058 608 1138 praesentibus
634 1058 751 1122 litteris
768 1059 860 1124 nulla
885 1063 1011 1124 mentio
1035 1059 1124 1125 facta
1140 1071 1201 1139 est,
1213 1061 1295 1124 nihil
1312 1063 1355 1126 de
1371 1081 1486 1126 earum

197 1160 351 1273 1515anng
376 1168 466 1223 statu
483 1169 517 1224 et
532 1159 727 1226 delinitione
743 1163 991 1228 immutandum
1010 1183 1097 1226 nunc
1114 1184 1187 1227 esse
1211 1184 1393 1230 censemus.
1412 1166 1485 1230 Iam

198 1297 266 1338 statu
283 1307 352 1339 nunc
376 1285 456 1328 vero
480 1285 593 1342 novas,
613 1277 649 1330 ut
681 1269 875 1351 praefertur,
902 1279 1029 1332 erectas
1065 1268 1284 1333 Cathedrales
1319 1270 1487 1335 Ecclesias

200 1365 350 1470 timpum·
376 1367 579 1446 huiusmodi,
605 1381 736 1435 servata
767 1372 867 1454 plena
883 1374 1027 1455 paritate
1050 1375 1181 1450 iurium,
1197 1374 1354 1438 omnibus
1368 1387 1401 1439 et
1418 1375 1487 1439 sin·

233 1536 341 1586 Novitcr
377 1473 463 1554 gulis
503 1473 685 1538 identidem
738 1478 884 1559 gaudere
924 1477 1077 1540 volumus
1119 1476 1312 1554 honoribus,
1361 1479 1488 1560 gratiis,

199 1609 291 1650 erectae
302 1605 350 1651 c..
377 1574 523 1652 indultis
548 1577 738 1660 privilegiis,
767 1579 945 1654 favoribus,
972 1580 1166 1662 ceterisque,
1191 1581 1312 1662 quibus
1338 1581 1422 1646 aliae
1450 1584 1485 1646 in

228 1668 352 1781 ssc‘ffl
377 1681 511 1762 regione
528 1683 712 1748 Brasiliana
735 1683 906 1749 Ecclesiae
923 1684 1143 1748 Cathedrales
1159 1685 1331 1748 communi
1355 1707 1399 1749 ex
1416 1687 1488 1752 iure

202 1799 292 1846 unum
324 1815 351 1847 ac
378 1783 531 1849 fruuntur
557 1795 591 1850 et
617 1787 774 1869 gaudent.
807 1787 915 1853 Simili
948 1781 1055 1851 modo
1091 1788 1146 1870 qui
1175 1807 1308 1867 nomen,
1340 1788 1488 1867 titulum,

230 1872 352 1986 αξῇᾒζ-ἷῇζ
378 1890 685 1971 praeeminentiam,
701 1891 901 1973 dignitatem
919 1901 951 1955 et
969 1892 1189 1955 ministerium
1209 1891 1411 1975 Episcopale
1421 1894 1486 1957 erit

215 1997 351 2123 egjltgflfzf}
377 1999 560 2073 habiturus,
575 1997 730 2061 omnibus
746 1997 936 2080 etsingulis
952 2019 1039 2080 quae
1055 1999 1222 2062 ordinarie
1238 1997 1484 2080 Episcoporum

240 2125 352 2173 pastor..-
378 2104 511 2184 propria
535 2112 613 2166 sunt
629 2103 691 2165 frui
707 2102 861 2166 volumus
877 2113 910 2166 et
927 2101 1090 2184 perfungi.
1122 2099 1248 2165 Pariter
1265 2115 1298 2166 et
1323 2123 1487 2168 novarum

223 2207 352 2318 Epw
378 2191 621 2290 praedictarum
658 2207 869 2270 Dioecesium
904 2205 1145 2271 Christifideles
1176 2207 1294 2270 iisdem
1334 2207 1488 2272 fruantur

158 2309 159 2312 ’
220 2323 352 2396 nmaejura
378 2312 511 2390 iuribus,
528 2311 709 2394 privilegiis
726 2322 828 2395 atque
843 2311 1036 2389 honoribus,
1053 2311 1174 2394 quibus
1193 2311 1325 2375 Fideles
1344 2310 1487 2377 Dioece—

201 2387 350 2500 bunffsh‘m*
377 2416 421 2478 sis
446 2416 498 2479 cui
530 2415 782 2498 incorporantur
808 2417 956 2497 gaudent
983 2417 1025 2478 de
1052 2417 1122 2478 iure
1148 2416 1328 2480 communi.
1357 2416 1488 2482 Omnes

377 2519 478 2602 igitur
492 2528 526 2582 et
538 2519 688 2600 singulos
705 2517 947 2584 Christifideles
966 2521 1013 2582 sic
1030 2530 1066 2583 ut
1084 2519 1267 2601 praefertur
1283 2523 1486 2584 constitutas

218 2668 259 2715 De
269 2668 350 2716 condi·
378 2649 480 2693 novas
507 2630 676 2694 dioeceses
697 2630 890 2708 incolentes,
910 2632 1071 2712 exceptis,
1087 2631 1114 2693 si
1130 2632 1187 2712 qui
1210 2632 1354 2712 sint,qui
1371 2632 1487 2712 singu·

200 2734 350 2846 ῗῖἑῑζέἷὲ
378 2735 438 2798 lari
462 2736 632 2816 gaudeant
657 2735 883 2816 exemptione,
911 2753 1069 2798 unacum
1087 2735 1155 2798 suis
1180 2735 1379 2798 circumsitis
1392 2735 1486 2813 locis,

201 2835 259 2909 m...
276 2865 349 2911 Due-
377 2837 440 2920 piis
468 2838 806 2914 institutis-adnexis
832 2838 938 2914 rebus,
964 2839 1068 2916 terris,
1090 2840 1233 2920 oppidis,
1257 2860 1390 2921 unaque
1405 2860 1485 2903 cum

199 2944 299 3041 md
313 2930 351 3042 ἐξ
377 2941 502 3004 iuribus
519 2942 660 3005 realibus
686 2953 718 3006 et
736 2943 965 3025 personalibus
987 2964 1025 3005 ac
1047 2944 1163 3006 mixtis
1179 2964 1258 3008 suae
1279 2946 1399 3026 cuique
1415 2963 1487 3007 ere*

200 3059 249 3134 nrs,
262 3075 350 3108 acom-
377 3055 451 3107 ctae
468 3044 623 3110 Dioecesi
637 3057 800 3128 perpetuo
813 3048 1003 3110 addicimus
1019 3055 1053 3110 et
1069 3045 1272 3124 subiicimus,
1280 3057 1313 3109 et
1329 3048 1486 3112 addictos

200 3125 350 3238 msblfgjmff‘g
377 3160 410 3212 et
426 3149 593 3213 subiectos
621 3151 690 3213 fore
706 3151 925 3230 decernimus,
950 3150 1114 3232 regendos
1131 3159 1163 3212 et
1190 3151 1426 3231 gubernandos
1438 3153 1488 3216 ab

200 3270 268 3329 quae.
287 3256 351 3330 {psas
376 3271 490 3317 eorum
516 3251 696 3318 Ordinario
722 3253 887 3318 Antistite
912 3255 1005 3317 cuius
1036 3254 1135 3316 dictis
1169 3273 1301 3334 semper
1322 3273 1361 3315 ac
1378 3273 1491 3334 prono

201 3329 350 3450 ''ussgjlffs'ssss
376 3356 489 3420 animo
505 3366 601 3420 erunt
617 3357 848 3450 obsequentes.
871 3357 996 3422 Omnia
1015 3358 1150 3438 insuper
1175 3367 1402 3433 monumenta,
1413 3357 1490 3421 iura

199 3453 298 3498 “⁰5²⁴st
376 3469 410 3523 et
426 3462 637 3538 documenta,
653 3481 739 3542 quae
756 3459 897 3542 populos
921 3459 1182 3540 incorporandos
1200 3459 1296 3521 novis
1314 3457 1489 3522 Dioecesi-

376 3565 440 3628 bus
467 3565 658 3645 respiciunt,
674 3583 828 3645 quaeque
846 3549 1066 3644 inpraesenti
1084 3563 1118 3625 in
1136 3582 1335 3645 unaquaque
1352 3583 1487 3628 eorum-

376 3669 453 3731 dem
470 3665 674 3730 dimittenda
686 3667 842 3730 Dioecesi
853 3678 1074 3744 asservantur,
1093 3667 1171 3730 inde
1187 3668 1329 3744 extrahi,
1339 3677 1370 3729 et
1385 3667 1489 3731 Prae-

377 3769 464 3835 fecto
480 3770 652 3834 Tabularii
684 3771 813 3834 noviter
828 3781 959 3834 erectae
980 3771 1153 3834 Dioecesis
1170 3771 1352 3854 respective
1368 3792 1490 3853 quam-

377 3875 521 3957 primum
540 3875 625 3938 tradi
651 3873 812 3954 iubemus,
837 3885 874 3938 ut
900 3877 972 3956 ipsa
992 3877 1025 3937 in
1042 3874 1225 3939 Tabulario
1248 3895 1306 3938 seu
1324 3875 1493 3942 Archivio

378 3977 572 4059 Episcopali
597 3997 658 4061 pro
673 3978 926 4058 opportunitate
951 3977 1184 4041 custodiantur
1207 3986 1241 4040 et
1267 3988 1491 4046 asserventur.

236 4094 274 4140 De
300 4095 352 4169 rore
379 4083 436 4147 Ad
461 4083 574 4144 dotem
602 4090 713 4144 autem
737 4081 901 4145 dictarum
926 4083 973 4144 sic
990 4083 1119 4145 noviter
1143 4092 1327 4146 erectarum
1345 4081 1492 4147 Dioece-

200 4160 355 4283 ssjssn-Zjsssf
380 4185 570 4268 sium'quod
589 4185 740 4265 pertinet,
756 4183 837 4248 nihil
854 4183 975 4249 dehoc
999 4185 1269 4250 constituendum
1287 4187 1493 4254 censuimus.

200 4298 263 4339 ‘³710
278 4289 351 4354 confi·
380 4289 471 4355 Satis
487 4287 576 4352 enim
592 4287 699 4351 Nobis
716 4298 796 4352 nota
812 4299 863 4352 est
876 4289 1050 4352 Brasiliani
1064 4290 1179 4372 populi
1196 4292 1303 4371 pietas
1319 4302 1352 4352 et
1369 4289 1493 4373 religio
