3250 4888
419 269 487 338 168
516 289 633 341 EPIST.
655 290 813 342 ENCYCL.
837 277 857 308 “
871 292 922 341 AD
943 293 1148 342 EXTREMAS
1163 292 1344 342 ORIENTlS
1364 294 1471 347 ORAS.
1485 275 1503 302 '³

376 495 380 504 .
414 441 448 504 in
465 440 659 524 Aethiopia,
675 443 731 507 ubi
749 445 815 506 iam
829 444 1001 508 christiani
1017 445 1060 509 ad
1077 444 1265 510 biscentum
1284 446 1390 510 millia
1409 466 1521 510 nume·

414 540 581 619 rabantur,
597 561 672 605 cum
688 541 804 608 Clerus
821 543 981 625 indigena
997 544 1108 608 nullus
1121 555 1223 625 esset,
1234 546 1339 609 caesis
1356 545 1409 610 vel
1421 548 1521 630 pulsis

414 639 636 704 Missionariis
661 643 845 725 europaeis,
872 645 1020 708 diuturni
1048 643 1171 709 laboris
1199 645 1345 710 fructum
1363 646 1523 710 subitaria

414 739 646 804 insectationis
663 741 810 825 procella
826 741 977 807 funditus
994 744 1137 810 sustulit.

310 863 386 911 Arata·-
458 843 613 927 Denique
629 847 839 928 respicienda
864 847 1047 930 antiquitas
1075 857 1134 922 est,
1161 843 1420 928 quodque'olim
1437 848 1523 911 salu-

159 953 161 960 ’
238 936 387 1056 &iz-fg]
414 941 515 1007 briter
531 943 721 1009 institutum
738 945 900 1023 videmus,
917 947 950 1010 id
968 946 1121 1027 religiose
1138 945 1349 1008 servandum.
1370 942 1524 1010 Iamvero

302 1057 387 1106 crestae
413 1041 446 1104 in
463 1041 638 1122 apostolici
651 1043 884 1126 perfunctione
896 1046 1050 1122 muneris,
1062 1047 1207 1128 primum
1224 1044 1362 1126 quidem
1374 1045 1524 1116 imbuere

237 1139 315 1237 “222
326 1125 386 1238 {5}
413 1141 601 1208 christianis
618 1145 912 1230 praeceptionibus
936 1145 1209 1222 multitudinem;
1238 1163 1320 1206 mox
1350 1142 1456 1208 lectos
1480 1165 1524 1208 ex

266 1254 386 1316 gundrea·
413 1247 631 1328 popularibus
647 1249 826 1314 nonnullos
854 1249 986 1312 initiare
1010 1249 1121 1324 sacris,
1150 1257 1183 1312 et
1206 1248 1249 1312 ad
1266 1249 1378 1329 ipsum
1397 1249 1523 1330 episco-

237 1319 372 1382 ''”d²3'''²i⁵'
413 1357 529 1429 patum
547 1350 696 1427 evehere,
713 1351 774 1413 fuit
791 1351 823 1412 in
843 1369 935 1412 more
963 1349 1110 1430 positum
1127 1347 1350 1430 institutoque
1375 1349 1524 1431 Aposto-

413 1455 530 1538 lorum.
547 1455 699 1540 Quorum
717 1467 835 1540 postea
851 1441 955 1519 secuti
973 1455 1170 1538 exemplum
1188 1455 1318 1518 romani
1333 1451 1525 1530 Pontifices,

413 1557 446 1618 in
465 1557 633 1620 mandatis
650 1558 730 1620 dare
755 1557 948 1638 apostolicis
973 1556 1050 1620 viris
1076 1567 1239 1638 perpetuo
1265 1569 1526 1632 consueverunt,

414 1667 450 1718 ut
475 1657 531 1718 ubi
558 1657 815 1720 christianorum
843 1657 1069 1720 communitas
1098 1656 1180 1719 satis
1203 1655 1318 1737 ampla
1335 1655 1524 1728 coaluisset,

413 1755 459 1818 ibi
476 1755 610 1820 Clerum
628 1777 673 1819 ex
685 1757 852 1839 indigenis
865 1756 1011 1838 deligere
1023 1756 1115 1819 omni
1128 1775 1193 1836 ope
1206 1755 1462 1817 contenderent.
1477 1751 1524 1817 Ut

414 1855 515 1937 igitur
530 1856 754 1920 incolumitati
770 1867 804 1920 et
820 1855 1056 1938 propagationi
1084 1853 1239 1918 catholici
1267 1851 1415 1918 nominis
1433 1854 1522 1934 apud

415 1954 521 2017 Indos
551 1956 742 2018 consultum
781 1956 833 2033 sit,
874 1955 977 2018 lndos
1016 1955 1189 2018 instituere
1220 1955 1262 2018 ad
1295 1955 1522 2018 sacerdotium

414 2064 555 2136 oportet,
571 2055 628 2138 qui
646 2055 801 2118 videlicet
827 2075 1004 2138 procurare
1028 2073 1122 2117 sacra
1150 2063 1183 2116 et
1211 2054 1431 2136 popularibus
1455 2057 1524 2116 suis

414 2153 603 2218 christianis
630 2175 792 2236 praeesse,
826 2154 1083 2238 qualiacumque
1115 2165 1268 2237 tempora
1300 2155 1522 2228 incubuerint,

414 2254 593 2316 commode
610 2253 747 2335 possint.

319 2392 387 2441 Non·
460 2362 536 2425 Hac
552 2363 688 2444 quidem
705 2361 748 2426 de
765 2381 891 2438 caussa,
916 2361 1079 2425 Praefecti
1099 2361 1298 2424 Missionum
1318 2361 1523 2446 Indicarum,

239 2457 386 2533 '¹“‘².“⁶⁰l‘⁶·
414 2460 555 2526 consilio
571 2461 774 2544 hortatuque
792 2460 889 2526 Sedis
907 2460 1135 2543 Apostolicae,
1145 2460 1288 2543 collegia
1306 2459 1522 2536 Clericorum,

268 2538 387 2636 ‘wi‘
414 2561 615 2644 ubicumque
632 2560 774 2626 facultas
790 2562 860 2642 fuit,
877 2563 1066 2628 condidere.
1095 2562 1206 2624 Immo
1227 2561 1355 2624 veroin
1373 2559 1521 2642 Synodis

234 2651 387 2778 fffijjcsjj
415 2659 643 2738 Columbensi,
673 2661 923 2744 Bangalorensi,
953 2659 1232 2738 Allahabadensi,
1262 2661 1399 2725 ineunte
1434 2681 1521 2725 anno

237 2789 339 2847 ΜΨ
353 2799 387 2830 05.
415 2773 698 2824 MDCCCLxxxvn
714 2759 846 2839 habitis,
857 2763 1028 2828 decretum
1046 2771 1105 2838 est,
1116 2772 1153 2825 ut
1170 2761 1352 2825 Dioeceses
1369 2761 1520 2844 singulae

237 2847 389 2976 ijfflffi
415 2878 511 2921 suum
532 2859 679 2922 habeant
696 2858 833 2924 Clericis
849 2861 1018 2943 indigenis
1043 2862 1257 2925 instituendis
1276 2861 1517 2926 Seminarium:

273 2979 389 3054 “flul“
415 2957 442 3020 si
459 2959 516 3039 qui
533 2977 577 3020 ex
595 2957 774 3042 Episcopis
790 2959 1009 3042 suffraganeis
1025 2979 1122 3024 suum
1139 2961 1263 3024 habere
1280 2962 1395 3043 inopia
1413 2961 1518 3045 prohi-

267 3044 390 3158 {ms
415 3059 542 3136 beatur,
569 3059 601 3122 in
629 3059 890 3142 metropolitano
925 3061 1071 3126 Clericos
1104 3063 1323 3128 dioecesanos
1355 3063 1424 3128 alat
1456 3063 1519 3124 suis

263 3175 333 3222 rium
345 3175 388 3223 ta·
416 3159 619 3242 sumptibus,
632 3159 702 3222 Ista
719 3159 854 3242 quidem
872 3161 1049 3224 salubriter
1064 3161 1199 3226 decreta
1216 3161 1347 3224 efficere
1362 3161 1518 3243 Episcopi

238 3239 391 3352 mmm
415 3279 475 3341 pro
492 3259 616 3322 viribus
632 3261 806 3324 nituntur:
832 3259 890 3322 sed
920 3261 951 3324 in
980 3279 1095 3324 eorum
1124 3263 1293 3344 egregiam
1312 3261 1516 3325 voluntatem

259 3370 388 3434 vafi·
415 3374 605 3428 transversa
621 3365 759 3428 incurrit
774 3366 931 3447 angustia
948 3367 993 3430 rei
1011 3367 1193 3444 familiaris,
1208 3377 1242 3430 et
1259 3369 1399 3450 penuria
1416 3386 1515 3430 sacer-

254 3441 389 3547 scopgsqub
415 3465 532 3528 dotum
551 3465 757 3543 idoneorum,
772 3467 829 3548 qui
847 3467 965 3529 studiis
982 3467 1130 3549 praesint
1153 3466 1387 3550 sapienterque
1405 3473 1516 3548 regant

237 3564 391 3676 garruletur
415 3565 636 3646 disciplinam.
654 3564 767 3648 Quare
783 3565 842 3628 vix
858 3573 917 3628 aut
933 3585 975 3627 ne
990 3565 1049 3628 vix
1065 3565 1201 3648 quidem
1228 3564 1453 3630 Seminarium
1469 3571 1516 3625 est

253 3643 388 3757 ‘2253ssss
415 3669 529 3744 ullum,
556 3669 588 3731 in
607 3688 674 3751 quo
690 3670 858 3734 institutio
882 3668 1095 3732 alumnorum
1124 3668 1262 3752 expleta
1285 3667 1515 3748 cumulataque

236 3759 387 3874 missam·
414 3773 598 3837 habeatur:
614 3772 715 3856 idque
731 3773 795 3836 hoc
810 3781 973 3855 tempore,
997 3793 1073 3836 cum
1101 3793 1213 3837 rerum
1229 3773 1376 3836 civilium
1394 3771 1514 3837 Guber-

317 3859 324 3874 ’
415 3882 549 3937 natores
566 3881 600 3936 et
617 3873 846 3937 Protestantes
872 3894 938 3936 non
966 3875 1092 3954 exiguo
1109 3893 1249 3936 numero
1264 3872 1365 3936 nullis
1380 3879 1515 3953 parcunt

415 3995 476 4038 nec
494 3976 673 4057 impendiis
689 3995 750 4039 nec
767 3975 946 4055 laboribus,
974 3983 1008 4038 ut
1034 3976 1144 4040 omnis
1171 3976 1343 4040 erudiatur
1357 3972 1514 4041 subtiliter

414 4097 453 4142 ac
470 4077 574 4160 polite
590 4079 755 4142 iuventus.

265 4193 387 4241 Haered-
459 4181 547 4245 Illud
575 4182 678 4265 igitur
702 4181 910 4265 perspicitur,
936 4201 1038 4264 quam
1075 4181 1117 4245 sit
1151 4179 1389 4266 opportunum,
1419 4198 1512 4265 quarn

236 4259 301 4322 Ψ
321 4260 387 4308 '²¹⁸²'
414 4287 512 4352 saluti
530 4273 684 4370 publicae
699 4295 973 4364 consentaneum,
999 4286 1202 4351 constituere
1227 4287 1257 4351 in
1279 4287 1384 4351 lndiis
1402 4285 1512 4352 Orien·
