3296 4886
575 273 627 326 na
654 273 822 326 scnours.
993 285 995 291 ·
1204 252 1248 328 81

140 423 256 489 Nobis
267 433 318 489 est
329 424 452 498 arctius
463 425 580 491 indies
594 445 655 489 vos
664 425 857 491 devinctum
868 425 907 488 iri
923 422 1091 508 perfectae
1105 424 1255 490 caritatis
1316 444 1396 534 1431!

142 528 293 594 nexibus
307 549 384 594 cum
408 528 527 594 ceteris
552 526 812 593 venerabilibus
838 525 1020 606 Fratribus,
1035 546 1120 610 quos
1143 527 1253 592 vobis·
1319 545 1394 605 1892.

143 647 223 694 cum
238 629 427 694 communis
443 628 572 712 patriae
587 647 720 704 nomen,
736 627 913 711 pastoralis
929 629 1103 694 ministerii
1120 649 1255 696 consor·
1280 659 1354 710 mim
1372 666 1429 723 m

143 731 196 806 tio
210 741 245 797 et
260 753 321 816 par
336 733 370 796 in
386 751 505 798 omnes
515 729 749 796 benevolentia
765 730 891 797 Nostra
903 733 1086 818 coniungit.
1096 731 1150 798 Sit
1160 733 1256 798 vobis
1280 725 1416 840 man

143 855 324 910 cornuum
340 845 375 902 et
389 837 503 900 anima
518 853 595 912 una,
605 834 779 918 auctisque
794 836 973 901 concordia
988 835 1112 902 viribus
1127 837 1257 921 pergite
1280 855 1382 905 dasda-

144 939 343 1006 adlaborare
359 939 513 1006 alacriter
527 937 571 1003 ad
587 937 728 1020 gloriam
745 937 849 1002 divini
865 939 1011 1005 nominis
1023 948 1056 1005 et
1067 940 1255 1004 animarum
1281 921 1432 1036 laima·

144 1043 300 1116 salutem.
313 1041 393 1127 Quo
416 1062 496 1108 vero
511 1042 643 1106 uberior
659 1062 704 1106 ex
719 1041 890 1108 laboribus
904 1043 1025 1110 vestris
1040 1041 1166 1112 fructus
1180 1064 1256 1128 pro-
1281 1053 1342 1129 reris
1357 1053 1433 1129 Ama·

146 1156 273 1224 manet,
296 1146 478 1230 propitiam
503 1145 598 1210 vobis
618 1145 837 1230 adprecamur
864 1146 1117 1230 Omnipotentis
1147 1167 1258 1231 opem,
1281 1131 1367 1246 {effi
1381 1123 1433 1182 ’μ’

146 1252 286 1334 eiusque
310 1251 345 1316 in
373 1249 559 1334 auspicium
592 1249 826 1332 Apostolicam
859 1249 1127 1316 benedictionem
1154 1251 1258 1327 vobis.

145 1353 370 1425 venerabiles
384 1353 529 1431 Fratres,
552 1353 642 1418 clero
672 1362 706 1418 et
734 1352 888 1420 fidelibus
918 1351 1113 1438 vigilantiae
1127 1364 1258 1421 vestrae

148 1457 340 1523 commissis
356 1465 569 1539 peramanter
584 1456 617 1520 in
635 1456 785 1522 Domino
801 1458 1019 1540 impertimus.

156 1625 160 1630 .
191 1561 324 1626 Datum
337 1561 469 1625 Romae
478 1560 569 1643 apud
580 1559 614 1625 S.
629 1561 765 1626 Petrum
775 1561 830 1626 die
839 1575 938 1626 xxm
952 1562 1034 1628 Maii
1047 1575 1260 1643 Mocccxcu,

146 1663 373 1730 Pontificatus
390 1663 506 1728 Nostri
522 1682 613 1728 anno
628 1663 761 1729 decimo
777 1665 904 1748 quinto.

792 1839 887 1916 LEO
904 1839 968 1905 PP.
984 1839 1087 1908 XIII.
