3216 4880
131 869 159 920 1.
169 869 409 921 ALLOCUTIO
422 868 465 918 ad
479 868 604 918 Galliae
617 867 804 928 opifices-
819 865 856 916 19
869 865 954 927 sapt.
971 865 1055 916 1891.
1070 877 1134 930 pag.
1190 875 1205 928 3

132 992 243 1048 Galliae
255 991 373 1062 opifices
386 991 469 1046 tertio
479 991 540 1060 jam
554 993 665 1046 Romae
677 990 715 1046 ad
728 990 827 1044 sedem
840 989 1031 1060 apostolicam
1045 1006 1204 1060 congrega·

96 1095 150 1151 tos,
162 1093 332 1150 gratumque
350 1089 516 1149 promentes
534 1081 662 1134 animum
674 1081 713 1134 ob
733 1079 842 1135 litteras
864 1079 1027 1147 encyclicas
1049 1078 1085 1133 de
1107 1077 1206 1134 condi·

95 1171 174 1224 tione
184 1169 318 1239 opificum
331 1185 485 1238 nuperase
494 1169 690 1238 promulgatas
710 1168 841 1223 Pontifex
849 1167 956 1236 laudat,
965 1177 1051 1238 atque
1067 1178 1207 1222 memorat

96 1275 128 1313 se
141 1257 186 1312 his
199 1255 300 1312 litteris
317 1255 395 1310 riam
416 1255 517 1312 salutis
539 1267 717 1312 monstrasse
738 1257 767 1309 in
786 1256 930 1326 praesenti
944 1271 1038 1309 rerum
1060 1256 1206 1326 perturba-

95 1347 175 1401 tione
192 1363 200 1411 ;
220 1362 278 1400 non
291 1345 320 1398 in
339 1343 409 1399 solis
431 1345 543 1414 legibus
556 1343 696 1410 civilibus,
710 1343 762 1398 sed
782 1344 811 1398 in
833 1343 889 1398 hoc
906 1343 1059 1414 praecipue
1082 1345 1205 1398 salutem

95 1434 291 1506 quaerendam
304 1449 368 1488 esse
381 1433 503 1488 affirmat
520 1443 550 1488 ut
560 1431 688 1503 justitiae
701 1449 798 1487 amore
817 1442 903 1502 atque
915 1432 1057 1488 charitate
1069 1433 1203 1498 fraterna,

94 1532 208 1577 mentes
229 1521 378 1575 hominum
401 1520 577 1586 imbuantur,
602 1521 723 1590 Deoque
744 1521 942 1589 obsequantur
961 1529 989 1574 et
1012 1519 1162 1574 Ecclesiae
1181 1536 1206 1587 4.

94 1637 131 1648 -
145 1607 328 1663 Salutiferam
342 1608 370 1662 S.
390 1606 472 1662 Sedis
489 1607 527 1662 de
538 1607 674 1678 opificum
686 1606 853 1661 conditione
866 1606 1028 1662 doctrinam
1042 1617 1102 1660 tum
1112 1607 1204 1678 priva-

93 1709 214 1753 tostum
228 1695 371 1768 principes
384 1696 543 1752 attendisse
557 1697 663 1767 gaudet
678 1696 821 1762 Pontifex,
834 1697 985 1766 ipsamque
1004 1711 1034 1750 re
1046 1712 1204 1766 exsequen-

94 1786 164 1838 dam
176 1781 308 1838 omnibns
330 1781 413 1838 enixe
432 1784 627 1839 commendat
632 1797 653 1853 ς.
673 1813 708 1822 -
721 1782 849 1854 Opifices
863 1783 998 1836 admonet
1013 1783 1108 1837 Deum
1122 1801 1204 1838 sacra

94 1870 151 1940 ipsi
170 1868 226 1929 die,
239 1869 286 1938 pie
304 1868 409 1937 colant,
421 1879 538 1924 strenue
556 1870 694 1936 laborent,
708 1867 832 1923 dominis
846 1868 903 1923 sint
916 1867 1033 1936 subditi,
1051 1885 1205 1937 pravorum

93 1957 302 2012 consuetudine
320 1956 483 2012 abstineant
496 1957 544 2026 qui
565 1956 775 2012 socialistarnm
793 1955 912 2011 nomine
929 1955 1118 2026 pessumdant
1132 1972 1204 2011 rem-

94 2043 249 2116 publicam,
262 2045 354 2100 bonos
374 2060 441 2100 vero
454 2054 608 2112 sectentur,
620 2045 748 2116 ipsorum
767 2043 866 2100 salutis
885 2043 1124 2113 studiosissimos,
1134 2045 1203 2098 libe·

94 2151 142 2188 ros
156 2132 319 2188 christianis
333 2131 460 2188 moribus
472 2132 645 2188 imbuendos
665 2144 765 2188 curent
779 2134 832 2202 5·6.
846 2162 879 2172 -
894 2132 1092 2188 Tenerrimum
1111 2148 1203 2196 suum,

95 2219 203 2274 Christi
223 2219 365 2288 exemplo,
383 2217 511 2273 animum
530 2218 636 2288 promit
656 2218 787 2274 Pontifex
806 2219 835 2273 in
857 2219 979 2274 humiles
998 2235 1032 2274 ac
1052 2234 1202 2289 pauperes.

96 2305 246 2361 Benedicit
259 2307 285 2361 ό.

130 2445 161 2495 2.
184 2417 392 2498 amsuonn
419 2447 664 2500 ancxcrxcn
690 2448 730 2499 ne
756 2450 895 2500 nesano
917 2451 1059 2500 marran.
1082 2473 1117 2484 -

92 2535 388 2597 mapulam...
1068 2550 1132 2604 pag.
1191 2546 1221 2601 7Ἰ

132 2669 280 2725 Publicam
289 2671 481 2727 sacratissimi
493 2673 605 2727 Rosarii
615 2673 910 2746 recitationem,quam
919 2671 1113 2743 superioribus
1122 2670 1206 2727 annis

93 2755 179 2813 enixe
192 2757 323 2812 Pontifex
341 2759 562 2828 commendavit,
575 2761 630 2814 hoc
643 2777 719 2815 anno
732 2761 916 2816 commendat
935 2758 1097 2826 instantius,
1114 2757 1206 2826 ingra·

93 2845 279 2901 vescentibus
296 2845 507 2902 calamitatibus
524 2847 683 2918 Ecclesiae,
708 2849 752 2903 cui
775 2849 891 2918 quidem
912 2850 993 2902 labor
1015 2863 1066 2914 pro
1084 2845 1206 2899 veritate

93 2933 175 2988 omni
195 2935 309 2988 saeculo
322 2933 455 3006 frequens
474 2935 525 2989 fuit
547 2946 634 3006 atque
646 2936 868 3007 gloriosissimus
882 2949 906 3001 7.
921 2965 955 2975 -
968 2934 1094 2988 Assiduo
1108 2943 1204 2988 tamen

92 3023 252 3078 certamine
270 3023 374 3077 multas
400 3023 493 3093 perire
514 3039 583 3079 oves
602 3025 703 3078 Pastor
720 3024 806 3090 dolet,
829 3022 1046 3094 praesentisque
1067 3023 1206 3091 temporis

93 3110 174 3164 mala
185 3126 220 3164 ex
231 3126 267 3164 eo
279 3121 342 3164 orta
354 3127 418 3165 esse
431 3109 500 3164 dicit
513 3113 590 3182 quod
601 3111 724 3166 societas
745 3109 837 3166 civilis
855 3111 1017 3166 Ecclesiam
1031 3109 1102 3164 nihil
1115 3121 1203 3164 curat.

92 3197 219 3251 Multum
228 3197 309 3266 proin
319 3198 460 3253 orandum
471 3215 522 3268 pro
542 3197 691 3254 Ecclesiae
705 3198 837 3253 libertate
847 3210 876 3253 et
886 3199 978 3253 salute
992 3198 1120 3268 gentium
1134 3196 1159 3252 8.
1168 3224 1203 3233 -

93 3284 260 3340 Discrimen
286 3286 419 3356 proponit
445 3287 521 3342 viam
547 3288 621 3342 inter
646 3289 752 3343 saeculi
779 3299 808 3343 et
828 3287 998 3342 Ecclesiae:
1030 3287 1103 3342 haec
1130 3288 1202 3354 Deo,

92 3374 241 3438 saeculnm
255 3373 426 3446 sibimetipsi
440 3375 469 3429 in
484 3375 640 3431 laborando
654 3376 772 3434 confidit
783 3376 806 3431 8.
820 3406 855 3416 -
869 3373 1103 3431 Potentissimam
1118 3391 1201 3444 opem

92 3461 153 3515 Dei
167 3459 318 3530 implorare
332 3462 488 3517 Christiani
498 3479 611 3533 semper
620 3464 799 3532 studuerunt,
807 3473 906 3517 exorto
919 3463 1089 3532 praesertim
1102 3461 1202 3517 Eccle-

92 3549 156 3604 siae
178 3548 222 3601 vel
255 3548 365 3603 Summi
390 3549 518 3604 Pastoris
552 3549 687 3620 periculo.
720 3551 836 3605 Petrum
867 3559 1007 3604 memorat
1038 3565 1053 3602 e
1082 3547 1202 3603 vinculis
1238 3550 1240 3558 '

90 3639 131 3694 ab
151 3637 271 3706 Angelo,
294 3637 441 3692 orantibus
461 3637 617 3704 Fidelibus,
641 3639 802 3707 liberatum,
822 3639 1040 3708 exemplumque
1069 3637 1202 3707 proponit

91 3724 253 3780 Salvatoris
267 3725 402 3793 prolixius
416 3726 445 3780 in
460 3726 647 3782 Gethsemani
661 3728 743 3782 horto
757 3727 866 3782 orantis
885 3741 911 3794 9.
921 3755 956 3765 —
969 3725 1016 3780 Ad
1030 3726 1063 3780 B.
1078 3724 1202 3779 Mariam

89 3809 233 3879 virginem
242 3827 293 3879 per
305 3828 404 3880 preces
417 3813 619 3870 recurrendum
633 3813 743 3884 suadet,
757 3813 900 3885 siquidem
921 3814 1010 3880 Deus,
1027 3827 1128 3866 omnes
1140 3829 1203 3880 gra·

91 3897 151 3951 tias
178 3897 261 3951 nobis
282 3915 333 3968 per
358 3900 437 3952 illam
462 3900 604 3970 concedit,
629 3899 785 3956 infirmitati
809 3900 963 3956 consulens
985 3909 1109 3965 nostrae,
1135 3899 1203 3952 dum

91 3983 290 4054 apudjustum
300 3986 427 4055 judicem
444 3987 615 4044 advocatam
628 3989 712 4043 nobis
726 3989 849 4058 providit
860 4005 917 4043 non
931 3987 1033 4042 minori
1047 3987 1201 4057 pollentem

89 4071 188 4141 gratia
209 4073 286 4140 apud
308 4073 416 4142 Ipsum,
429 4091 516 4144 quam
539 4076 568 4130 in
590 4093 681 4146 genus
701 4077 859 4131 humanum
872 4075 1069 4130 misericordia
1082 4089 1154 4142 9·10.
1168 4101 1203 4112 ·-

92 4161 193 4230 Ipsam
215 4159 270 4216 Dei
283 4161 487 4232 hominumque
507 4165 631 4220 Matrem
642 4166 783 4235 Apostoli,
799 4165 947 4220 Ecclesiae
957 4165 1066 4232 Patres,
1080 4162 1205 4232 indeque

127 4311 146 4342 1.
166 4297 242 4343 Index
250 4300 404 4346 materiarum
415 4301 584 4358 alphabeticus
595 4311 664 4348 sexto
675 4304 788 4349 volumini
801 4305 945 4350 subiicietur.
