3250 4888
352 276 400 365 84
530 297 718 348 arrianas
743 297 1000 348 nrosrorncas
1022 286 1042 313 “
1061 301 1246 352 nanrunu
1266 279 1285 305 ’'

170 463 225 506 ram
236 462 324 520 apro-
351 448 524 526 devovere,
533 468 574 511 eo
583 447 684 512 etiam
695 447 845 528 consilio,
857 448 905 512 uti
916 451 1041 514 scilicet
1056 451 1160 529 Iesus,
1171 453 1279 516 Maria
1291 461 1325 515 et
1338 453 1462 536 Ioseph

169 521 326 639 dmm
353 549 497 616 familias
523 552 587 618 sibi
614 552 746 616 deditas
763 563 936 635 tamquam
954 574 1023 618 rem
1054 545 1225 638 propriam
1252 565 1409 621 tueantur
1427 567 1464 622 et

174 734 187 766 s
187 651 326 766 msrglrptff
354 650 496 716 foveant.
514 649 581 734 Qui
609 653 774 718 sociorum
791 656 824 718 in
842 675 1017 722 numerum
1035 669 1113 723 sunt
1126 660 1258 737 adsciti,
1274 660 1400 726 debent
1416 682 1461 725 ex

172 783 261 832 mm„
278 797 326 831 sese
353 755 507 820 instituto
523 776 599 819 cum
621 757 660 818 iis
687 759 744 839 qui
771 761 864 824 domi
881 772 1140 840 commorantur,
1156 764 1190 826 in
1214 781 1318 828 unum
1342 785 1464 830 conve-

171 849 326 978 Ξέἴζωξζζῗ
354 859 424 924 nire
437 881 446 939 ;
461 881 573 924 coram
586 861 731 943 imagine
744 862 867 928 Sacrae
881 863 1044 928 Familiae
1059 865 1195 930 decreta
1208 867 1343 948 pietatis
1355 867 1465 933 officia

169 977 326 1042 guisman·
354 973 544 1045 praestare:
570 964 753 1047 providere,
783 987 823 1030 ea
848 967 1045 1050 opitulante,
1073 979 1110 1032 ut
1135 971 1221 1032 inter
1244 991 1280 1034 se
1295 971 1464 1053 colligatis

172 1051 229 1120 ‘'⁴'-
240 1050 325 1108 p‘m'
355 1067 419 1132 fide
436 1067 613 1145 mentibus,
628 1070 767 1134 caritate
781 1071 1014 1136 voluntatibus
1030 1073 1063 1136 in
1080 1093 1194 1137 amore
1212 1073 1276 1137 Dei
1293 1085 1395 1158 atque
1404 1075 1464 1138 ho·
1536 1051 1545 1066 ⁵

171 1123 249 1158 Cimo.

354 1173 491 1249 minum,
507 1171 611 1236 vitam
627 1174 670 1236 ad
685 1175 894 1255 propositum
906 1177 1047 1259 exigant
1058 1177 1243 1258 exemplar.
1260 1178 1355 1242 Piam
1375 1181 1464 1243 hanc

206 1275 325 1390 dim
352 1273 635 1338 consociationem
652 1275 826 1341 Bononiae
836 1279 879 1344 ad
897 1281 1002 1346 instar
1015 1281 1252 1364 Lugdunensis
1268 1283 1458 1348 institutam

160 1431 162 1436 .
196 1407 263 1456 cum
274 1411 326 1453 tota
352 1379 506 1442 decessor
523 1378 645 1442 Noster
661 1377 765 1442 felicis
786 1383 1027 1449 recordationis
1045 1387 1122 1449 Pius
1139 1386 1192 1450 IX
1216 1386 1381 1450 similibus
1405 1387 1461 1451 lit·

193 1487 241 1584 52‘}
250 1471 325 1584 m
352 1483 431 1544 teris
442 1481 824 1568 approbavit2deinceps
835 1487 989 1570 Epistola
1001 1487 1247 1551 dievlanuarii
1259 1499 1462 1552 MDCCCLxx

171 1603 325 1651 dannom-
352 1585 394 1648 ad
414 1585 504 1666 pium
522 1595 692 1650 auctorem
709 1588 798 1666 data,
814 1590 992 1673 singularis
1008 1591 1116 1656 laudis
1134 1591 1311 1672 praeconio
1321 1601 1372 1654 est
1385 1611 1461 1674 pro·

224 1673 325 1795 ,mg
353 1698 521 1771 sequutus.
544 1690 601 1752 Ad
618 1690 691 1754 Nos
707 1693 796 1774 quod
817 1696 947 1773 attinet,
963 1715 1038 1759 cum
1063 1715 1277 1776 summopere
1296 1714 1460 1771 curemus,

175 1797 326 1873 christianis
353 1803 385 1854 et
403 1791 582 1874 diligamus
603 1813 834 1877 quaecumque
848 1797 892 1860 ad
909 1798 1097 1862 animarum
1115 1799 1258 1862 salutem
1279 1796 1461 1861 iuvandam

214 1862 326 1978 ,sm
354 1898 503 1960 maxime
519 1897 639 1973 valent,
657 1898 824 1962 noluimus
846 1899 1026 1962 desiderari
1043 1898 1177 1962 laudem
1195 1906 1229 1960 et
1243 1897 1462 1960 commenda·

214 1994 324 2042 damcu·
353 2001 478 2064 tionem
508 2001 860 2084 Nostram;datisque
887 2004 929 2066 ad
954 2003 1113 2067 dilectum
1143 1999 1265 2064 Filium
1295 1999 1459 2065 Nostrum

174 2065 244 2108 'W'
353 2104 584 2188 Augustinum
601 2103 634 2171 S.
652 2105 692 2169 R.
711 2105 748 2169 E.
773 2105 986 2171 Cardinalem
1005 2106 1125 2181 Bausa,
1140 2124 1185 2166 ex
1208 2102 1463 2185 dispensatione

237 2224 325 2272 Como-
354 2208 553 2290 Apostolica
570 2208 871 2293 Archiepiscopum
886 2211 1126 2284 Florentinum,
1139 2209 1268 2286 litteris,
1284 2227 1359 2272 eam
1371 2207 1461 2272 Con·

193 2296 326 2404 ‘3322’ssssss
353 2313 570 2377 sociationem
603 2311 718 2376 utilem
750 2333 790 2376 ac
817 2315 1007 2392 salutarem,
1037 2314 1226 2394 nostrisque
1253 2312 1463 2394 temporibus

210 2425 324 2496 erectam,
354 2417 450 2481 valde
466 2417 755 2480 accommodatam
769 2417 1124 2501 esse2signrfieavimus.
1135 2415 1228 2500 Quas
1241 2435 1319 2480 vero
1333 2416 1460 2480 Nostra

190 2486 330 2598 orem}
354 2539 522 2584 sacrorum
552 2520 690 2582 Rituum
719 2519 954 2602 Congregatio,
978 2522 1183 2604 suffragante
1210 2520 1333 2584 dilecto
1371 2519 1459 2584 Filio

209 2615 326 2727 “ff'vl'f'
356 2625 481 2689 Nostro
502 2623 665 2688 Caietano
682 2623 714 2687 S.
735 2625 775 2688 R.
793 2624 830 2688 E.
848 2625 1048 2708 Presbytero
1064 2623 1233 2690 Cardinali
1258 2623 1463 2687 Aloisi-Ma-

209 2688 273 2795 fabi
283 2695 326 2809 ἀἱ
354 2729 435 2793 sella
451 2730 559 2793 eidem
572 2727 832 2811 Congregationi
847 2730 1026 2807 Praefecto,
1038 2727 1298 2792 consecrationis
1311 2727 1463 2790 christia·

173 2811 326 2941 252?ssss
355 2853 473 2896 narum
491 2833 689 2895 familiarum
703 2830 889 2910 formulam,
902 2843 936 2897 et
952 2834 1178 2916 precationem
1190 2851 1302 2895 coram
1316 2831 1465 2913 imagine

177 2945 326 3005 nanetpro-
353 2937 475 3001 Sacrae
496 2935 658 2998 Familiae
686 2936 891 3000 recitandam
922 2935 1028 3000 Nobis
1054 2945 1283 3019 proposuerat,
1307 2936 1464 3019 probavi-

173 3012 282 3072 poritam
311 3021 327 3054 a
1020 3043 1027 3058 ‚
1092 3043 1100 3057 ,
1297 3042 1304 3056 ⁶

177 3075 205 3122 ς,
220 3077 251 3122 R,
265 3073 326 3121 c„,.
354 3061 436 3118 mus,
459 3049 492 3103 et
509 3049 684 3121 utramque
706 3041 750 3102 ad
778 3039 925 3104 locorum
944 3041 1140 3106 Ordrnarros
1165 3040 1464 3106 transmittendam

183 3138 329 3268 ffimj
350 3143 686 3240 curavimus.Deinde
702 3143 795 3208 veriti
808 3164 849 3207 ne
859 3163 1038 3226 germanus
1050 3143 1256 3209 memoratae
1271 3142 1465 3208 devotionis

207 3283 327 3316 consecra·
354 3248 501 3330 spiritus·
526 3256 632 3310 tractu
671 3246 832 3328 temporis
860 3247 1144 3330 oblanguesceret,
1171 3249 1280 3312 eidem
1316 3247 1467 3310 Nostrae

204 3333 332 3448 Chfflf
357 3351 534 3418 Sacrorum
563 3350 701 3414 Rituum
720 3349 981 3434 Congregationi
1008 3353 1251 3429 mandavimus,
1268 3361 1304 3416 ut
1322 3351 1466 3416 Statura

180 3479 274 3512 nanim
284 3463 329 3526 sa·
355 3458 576 3538 concinnaret,
588 3454 709 3537 quibus
725 3454 758 3516 in
770 3456 924 3520 universo
934 3457 1099 3521 catholico
1112 3459 1193 3522 orbe
1203 3457 1278 3539 piae
1291 3455 1465 3520 consocia-

178 3532 329 3658 2ῗῖζῖᾌῖΖῖ
356 3561 462 3624 tiones
474 3559 595 3624 Sacrae
607 3559 768 3621 Familiae
780 3559 1004 3624 instituendae
1015 3563 1197 3625 adeointer
1209 3579 1245 3624 se
1261 3561 1468 3624 coniunctae

180 3661 330 3774 ,JJJZJJJ
356 3665 473 3740 forent,
489 3674 525 3727 ut
541 3682 626 3726 unus
637 3663 794 3726 omnibus
810 3663 1041 3746 praeficeretur
1052 3683 1194 3746 praeses,
1206 3662 1263 3746 qui
1280 3681 1336 3724 eas
1347 3669 1466 3725 aucto.

180 3808 236 3840 ram
266 3791 330 3838 rma-
357 3772 453 3836 ritate
468 3791 600 3851 summa
626 3779 754 3851 regeret
779 3779 813 3832 et
830 3768 1065 3833 moderaretur.
1083 3767 1219 3832 Statuta
1236 3775 1312 3848 post
1328 3785 1469 3828 accura-

175 3855 328 3971 ffrfriasssffl
357 3885 587 3938 tumexamen
604 3873 648 3936 ab
672 3874 789 3935 eadem
808 3871 910 3936 Sacra
931 3871 1201 3954 congregatione
1217 3877 1367 3946 exarata,
1383 3880 1471 3936 sunt

357 3978 473 4042 eadem
490 3997 575 4060 quae
591 3975 850 4040 subscribuntur.
