3222 4888
291 451 613 536 aprsrocn
640 417 1010 531 Encvcmcn

387 626 445 686 Ad
469 623 675 698 Episcopos
699 625 927 698 Hungariae.

257 792 323 852 nn
352 789 416 849 na
443 787 724 850 carnomcn
746 788 949 849 vunnnn
977 789 1037 848 nn

475 965 829 1027 PROMOVENDA.

92 1242 243 1614 ἶ
282 1250 475 1302 ONSTANTI
499 1237 748 1320 'Hungarorum
784 1239 817 1300 in
849 1239 936 1302 hanc
964 1239 1198 1323 Apostolicam
1256 1263 1341 1350 mgr

305 1339 429 1405 Sedem
447 1341 565 1423 pietati
581 1341 881 1423 observantiaeque
904 1353 1045 1424 paterna
1068 1365 1201 1430 semper
1263 1341 1346 1433 ψῃ]

121 1245 282 1614 U}
304 1443 505 1508 Pontificum
547 1464 761 1508 romanorum
802 1445 1038 1512 benevolentia
1079 1461 1199 1514 mutuo
1270 1477 1378 1528 Saevus

77 1617 80 1624 ,
303 1547 539 1630 cumulateque
555 1547 748 1632 respondit;
765 1547 904 1630 Nosque
920 1549 983 1632 ipsi
1000 1554 1199 1634 praecipuae
1226 1486 1355 1658 32²2&

94 1652 242 1716 caritatis
259 1653 558 1736 providentiaeque
575 1653 769 1717 testimonia
792 1673 964 1735 nunquam
981 1657 1071 1738 passi
1084 1678 1199 1723 sumus
1227 1674 1388 1756 rarusque-⁸

93 1755 233 1832 euobis,
249 1777 268 1818 a
284 1765 386 1839 gente
402 1767 514 1820 vestra
529 1757 720 1822 desiderari.
740 1759 935 1826 Istiusmodi
952 1783 1032 1828 vero
1047 1766 1197 1832 animum
1226 1740 1375 1868 ffssssmffl,

92 1858 255 1925 Nostrum
270 1860 430 1942 singulari
454 1863 602 1944 quadam
630 1863 759 1925 ratione
775 1863 1005 1946 patefecimus,
1019 1889 1096 1932 curn
1124 1891 1199 1954 sep·
1223 1883 1305 1932 garos,

90 1971 156 2026 tem
176 1974 257 2029 ante
273 1985 381 2028 annos
398 1966 539 2029 maximi
564 1966 825 2048 faustissimique
841 1979 980 2033 eventus
1000 1975 1196 2038 memoriam

92 2065 270 2150 ilungaria
287 2069 476 2133 celebravit.
491 2071 591 2134 Hanc
609 2071 774 2152 siquidem
792 2074 1081 2153 opportunitatem
1099 2081 1198 2159 nacti,

88 2171 268 2252 epistolam
297 2174 340 2236 ad
364 2193 424 2236 vos
448 2174 613 2253 dedimus,
629 2174 850 2240 Venerabiles
874 2177 1018 2258 Fratres,
1034 2184 1066 2244 in
1092 2187 1198 2267 eaque

89 2285 157 2339 tum
177 2278 302 2340 avitam
319 2277 561 2360 Hungarorum
576 2276 687 2354 fidem,
698 2279 839 2343 virtutes
852 2291 885 2346 et
901 2282 989 2346 clare
1005 2283 1094 2348 sacta
1106 2307 1198 2352 com-

88 2380 357 2460 memoravimus,
374 2391 446 2445 tum
464 2381 565 2446 etiam
582 2381 722 2446 consilia
745 2383 918 2448 vobiscum
935 2386 978 2448 de
991 2387 1088 2450 rebus
1105 2411 1196 2456 com·

86 2483 340 2560 municavimus,
356 2504 442 2568 quae
460 2485 503 2548 ad
527 2486 636 2568 gentis
654 2487 750 2550 istius
774 2488 966 2554 salutemet
991 2495 1194 2576 prosperita·

85 2601 161 2671 tem,
194 2611 255 2676 per
289 2593 373 2657 haec
404 2603 473 2656 tam
507 2594 638 2658 infensa
668 2595 839 2659 catholico
870 2595 999 2656 nomini
1030 2603 1194 2679 tempora,

85 2687 249 2776 pertinere
259 2697 594 2762 viderenturEadem
606 2697 1190 2780 verocaussaidemquepropositum
1222 2735 1268 2784 h„
1279 2737 1357 2788 adeor

84 2797 156 2863 Nos
181 2800 285 2863 modo
309 2799 488 2882 impellunt
514 2809 550 2864 ut
576 2800 696 2863 iterum
721 2801 764 2864 a‘d
787 2822 847 2864 vos
872 2802 1123 2882 perscribamus.
1147 2843 1191 2853 -
1221 2802 1372 2918 ‘lomim

85 2901 174 2967 Sane
189 2904 223 2968 in
240 2924 281 2967 eo
296 2924 418 2987 genere
434 2923 639 2986 rerumquae
655 2905 807 2968 omnium
824 2905 956 2968 animos
973 2904 1046 2968 istic
1063 2919 1191 2989 postre—
1221 2949 1260 2982 mo
1275 2935 1368 2984 scriba.
1458 2975 1463 2988 ‚

85 3026 139 3069 mo
153 3007 382 3090 hoctempore
398 3017 643 3090 permoverunt,
654 3007 844 3088 Apostolici
861 3009 961 3072 officii
980 3011 1095 3076 Nostri
1107 3015 1192 3078 ratio
1219 2999 1370 3114 svums-

83 3112 242 3191 postulat,
259 3121 296 3176 ut
311 3133 372 3176 vos
388 3113 580 3193 clerumque
603 3120 750 3174 vestrum
766 3112 809 3174 ad
827 3113 1016 3177 animorum
1033 3128 1192 3180 constan·
1220 3131 1346 3207 κωμικὴ,

82 3214 173 3294 tiam,
190 3216 233 3279 ad
252 3216 476 3292 concordiam,
492 3215 535 3278 ad
559 3215 768 3278 alacritatem
786 3215 819 3276 in
837 3217 1029 3279 erudiendis
1049 3239 1188 3282 monen-
1218 3195 1362 3320 marra

82 3316 200 3400 disque
216 3329 407 3401 opportune
423 3319 557 3402 populis
573 3338 672 3381 curae
696 3326 825 3381 vestrae
841 3321 1041 3400 concreditis
1055 3323 1188 3387 enixius
1216 3332 1241 3402 ἐξ
1256 3341 1320 3402 {tm
1332 3343 1368 3375 re·

79 3423 301 3487 cohortemur.
322 3423 450 3489 -Sed
484 3424 550 3487 alia
575 3430 748 3506 praeterea
776 3432 856 3486 sunt
883 3405 972 3505 apuli
1005 3447 1073 3502 vos,
1101 3448 1187 3510 quae
1216 3391 1367 3518 2ῗίᾖῖἱῇ

80 3544 204 3590 novam
229 3527 462 3592 sollicitudinis
479 3548 631 3592 caussam
656 3527 764 3592 Nobis
781 3525 945 3593 afferunt:
962 3531 1110 3612 pericula
1137 3535 1186 3597 in·
1211 3522 1349 3650 gfff}

78 3629 271 3713 telligimus,
287 3651 372 3714 quae
389 3632 540 3714 religioni
564 3633 718 3714 graviora
740 3634 891 3714 quotidie
908 3635 1117 3717 impendent.
1142 3675 1184 3688 -
1212 3652 1268 3728 stuf
1278 3653 1363 3703 Ponti-

80 3731 175 3798 Haec
193 3735 372 3812 enimvero,
382 3736 436 3799 uti
457 3736 654 3819 praecipuas
677 3756 774 3799 curas
797 3737 1087 3823 cogitationesque
1112 3739 1182 3802 No·
1210 3717 1321 3832 {2222

78 3847 161 3902 stras
179 3840 220 3902 ad
239 3860 274 3903 se
290 3847 498 3919 convertunt,
514 3840 560 3904 ita
586 3841 736 3903 maxime
751 3861 888 3922 operam
903 3853 1059 3922 vestram,
1072 3845 1183 3909 Vene-
1211 3848 1275 3897 rum.

77 3941 197 4006 rabiles
229 3943 373 4024 Fratres,
399 3943 630 4008 vehementius
661 3943 881 4028 efflagitant;
912 3965 1054 4030 eamque
1084 3950 1182 4014 valde

76 4045 276 4111 confidimus
287 4045 432 4112 consiliis
445 4048 741 4132 expectationique
753 4049 899 4114 Nostrae
910 4072 1025 4134 parem
1039 4057 1178 4118 omnino

76 4146 232 4215 suturam.

119 4253 221 4336 Quod
238 4255 425 4338 generatim
439 4257 482 4320 ad
500 4254 609 4321 officia
621 4255 860 4322 catholicorum
878 4261 1009 4342 attinet,
1025 4272 1094 4328 tarn
1109 4265 1176 4328 acri
1248 4302 1361 4352 Summo-

149 4417 207 4459 Acta
219 4417 297 4461 Leonis
309 4419 377 4461 Xlll.
993 4425 1020 4470 V.
1029 4449 1055 4463 —
1065 4443 1089 4472 ιι
