3222 4888
257 310 308 360 oa
335 307 458 361 nasus
486 306 790 360 accussrasrrcrs
817 306 1021 359 aouonrns.
1122 275 1191 374 ¹245

85 462 130 524 tis
151 461 282 537 animis,
307 471 401 542 grate
432 457 704 541 profitemini-
728 457 948 522 Manifestum
966 456 1117 539 quotidie
1134 463 1194 530 est,
1233 479 1359 566 mireum
1385 447 1386 450 '

84 583 253 645 quaenam
269 563 540 646 gravissimarum
557 582 668 626 rerum
686 562 718 624 in
736 561 870 643 populis
887 561 1103 642 imperiisque
1115 579 1193 623 con·
1260 578 1337 642 1894.-

83 677 269 748 sequantur
294 675 475 742 momenta,
505 665 655 730 Ecclesia
682 664 849 729 catholica
876 663 928 726 vel
958 664 1137 726 observata
1160 669 1195 724 et
1254 693 1387 748 Multum..

83 769 191 850 digno
207 768 281 838 loco
297 767 414 832 habita
428 766 480 832 vel
505 789 563 850 per
579 767 733 831 iniuriam
751 765 1084 846 contemptionemve
1096 763 1197 830 laesa.
1222 759 1327 836 {aaran

85 871 201 954 Quum
229 874 319 938 enirn
337 873 369 934 in
386 872 539 936 doctrina
551 881 585 934 et
607 873 680 954 lege
697 871 873 952 Evangelii
890 890 930 933 ea
959 870 1195 932 contineantur
1218 831 1348 938 fartum.

83 999 173 1060 quae
203 982 245 1045 ad
274 981 418 1046 salutem
444 981 751 1064 perfectionemque
778 979 936 1058 hominis,
966 988 1039 1042 turn
1070 978 1102 1040 in
1128 975 1195 1041 fide
1222 955 1365 1084 {mxlii

84 1092 120 1146 et
147 1086 349 1166 cognitione,
372 1095 446 1152 tum
470 1085 503 1148 in
532 1105 592 1149 usu
609 1095 644 1149 et
670 1086 804 1149 actione
828 1085 927 1161 vitae,
955 1099 1196 1164 usquequaque
1223 1085 1373 1148 ipsisincul·
1438 1095 1440 1104 ’

85 1187 286 1269 proficiant3
314 1211 486 1274 quumque
511 1209 584 1254 eam
607 1189 797 1254 doctrinam
823 1199 857 1252 et
889 1189 998 1269 legem
1034 1185 1199 1262 Ecclesia,
1222 1157 1266 1202 cet.

84 1292 203 1356 divino
217 1315 237 1356 a
263 1294 397 1359 Christo
422 1295 501 1370 iure,
525 1295 657 1359 tradere
679 1294 787 1377 possit
809 1303 842 1356 et
871 1292 1031 1374 religione
1047 1290 1197 1368 sancire;

85 1395 161 1477 ipsa
187 1408 373 1482 propterea,
393 1399 509 1464 divino
537 1419 682 1476 munere,
708 1397 740 1461 vi
766 1417 890 1479 magna
916 1395 1019 1478 pollet
1042 1393 1195 1458 modera-

84 1501 168 1562 trice
194 1501 361 1566 humanae
387 1503 567 1578 societatis,
594 1503 718 1585 inqua
745 1509 779 1565 et
794 1501 921 1564 fautrix
944 1507 994 1562 est
1011 1516 1194 1580 generosae

85 1604 218 1668 virtutis
246 1615 279 1671 et
305 1607 562 1672 lectissimorum
589 1608 754 1671 bonorum
783 1605 945 1669 effectrix.
976 1641 1018 1652 -
1048 1602 1097 1666 At
1130 1601 1195 1666 Ec·
1294 1617 1376 1696 saram

85 1710 188 1772 clesia
214 1732 301 1789 vero,
327 1713 379 1775 cui
406 1713 569 1776 divinitus
596 1732 753 1776 romanus
780 1709 937 1773 Pontifex
963 1718 1105 1790 praeest,
1120 1719 1193 1772 tan·
1224 1689 1378 1798 fflffi,

85 1822 159 1877 tum
177 1813 271 1878 abest
288 1825 334 1892 ut,
349 1837 394 1880 ex
411 1817 620 1880 auctoritatis
646 1825 742 1880 tanta
758 1813 992 1896 amplitudine,
1008 1813 1194 1900 quidquam
1222 1815 1262 1892 sta
1273 1821 1347 1892 farra

85 1919 150 1982 sibi
166 1919 208 1983 de
233 1921 343 1984 alieno
358 1931 491 2002 arroget
507 1923 578 1984 iure
604 1929 663 1984 aut
678 1920 875 2001 cuiusquam
903 1917 1048 2000 obliquis
1074 1917 1195 1981 studlis
1221 1881 1373 1994 mma

85 2011 273 2100 connivent,
300 2035 336 2088 ut
364 2025 482 2106 potius,
513 2025 555 2088 de
582 2025 652 2087 iure
678 2043 740 2087 suo
767 2043 868 2104 saepe
895 2023 1054 2094 remittat,
1086 2020 1194 2085 indul·
1221 2012 1357 2124 '‘ssfiffidz'

85 2130 200 2212 gendo
215 2151 222 2207 ;
238 2141 348 2212 atque,
371 2129 513 2193 summis
531 2138 565 2193 et
588 2127 710 2192 infimis
727 2127 871 2209 sapienti
888 2126 1065 2190 consulens
1082 2126 1195 2207 aequi·
1215 2085 1279 2206 52²2
1291 2092 1335 2189 luo

86 2241 169 2310 tate,
196 2253 268 2296 sese
302 2233 461 2296 omnibus
481 2230 755 2315 {gubernatricem
784 2239 818 2294 et
862 2240 1003 2294 matrem
1035 2229 1195 2293 exhibeat
1221 2215 1341 2321 W?

86 2337 361 2402 sollertissimam.
375 2337 590 2421 Quapropter
602 2337 649 2400 illi
666 2337 788 2400 iniuste
800 2336 928 2400 iaciunt
945 2337 1000 2418 qui
1017 2335 1080 2398 hac
1093 2335 1195 2398 etiam
1272 2387 1375 2450 ΜΝ

86 2445 120 2506 in
139 2465 174 2508 re
199 2455 327 2508 veteres
343 2455 460 2508 contra
476 2433 585 2525 ipsam
611 2442 806 2517 calumnias,
824 2442 890 2505 iam
918 2442 1018 2506 toties
1035 2439 1196 2504 refutatas
1223 2467 1279 2515 ergo
1290 2453 1354 2501 ralia

86 2549 254 2632 planeque
279 2552 448 2629 contritas,
476 2551 507 2629 in
537 2550 646 2614 lucem
673 2549 826 2612 nituntur
853 2547 1017 2624 revehere,
1045 2567 1132 2610 nova
1148 2545 1196 2608 vi·
1222 2520 1335 2632 mur

84 2655 307 2736 tuperationis
332 2655 442 2734 specie
472 2653 653 2718 confictas:
680 2673 788 2735 neque
820 2653 842 2714 ii
874 2651 985 2714 minus
1017 2651 1196 2730 reprehen-
1222 2650 1376 2764 hquctle‘ssfagu

85 2757 200 2836 dendi,
214 2759 270 2840 qui
299 2759 416 2821 eadem
429 2759 473 2822 de
495 2778 614 2821 caussa
641 2754 800 2819 diffidunt
818 2755 998 2832 Ecclesiae,
1025 2755 1123 2836 eique
1140 2773 1193 2817 su·
1223 2781 1346 2829 ruminus

85 2862 270 2944 spicionem
296 2861 443 2928 conflant
470 2863 560 2943 apud
583 2871 727 2925 rectores
751 2861 925 2924 civitatum
951 2869 984 2924 et
1001 2861 1033 2924 in
1051 2860 1193 2940 publicis
1222 2845 1358 2960 miz.

85 2964 345 3045 legumlatorum
373 2965 534 3040 coetibus,
562 2963 719 3046 aquibus
741 2981 863 3042 nempe
880 2962 952 3024 laus
969 2960 1114 3043 plurima
1131 2963 1195 3042 ipsi
1223 2927 1341 3040 ipsamqu-

84 3069 228 3133 debetur
251 3080 285 3133 et
311 3069 427 3152 gratia.
455 3068 548 3134 Nihil
576 3069 666 3132 enim
693 3067 885 3131 omninoea
901 3069 1000 3130 docet
1029 3076 1088 3130 aut
1104 3086 1195 3148 prae·
1221 3041 1357 3170 ffissn'

84 3174 169 3254 cipit
192 3174 283 3256 quod
301 3174 468 3237 maiestati
494 3173 693 3254 principum,
709 3173 799 3254 quod
828 3169 1052 3234 incolumitati
1069 3179 1103 3232 et
1119 3189 1195 3250 pro·
1222 3172 1338 3234 suspicio-

85 3271 252 3355 gredienti
276 3273 476 3354 populorum
503 3273 603 3349 vitae,
631 3272 700 3336 ullo
726 3272 829 3335 modo
851 3269 974 3334 officiat
1000 3269 1050 3332 vel
1079 3270 1196 3332 adver·
1222 3251 1331 3352 mao-

85 3387 201 3452 setur;
226 3377 331 3441 multa
358 3378 463 3441 immo
490 3398 534 3440 ex
562 3377 744 3440 christiana
766 3376 937 3458 sapientia
962 3373 1097 3436 assidue
1120 3394 1195 3454 pro-

85 3479 152 3543 fert
176 3479 217 3544 ad
243 3501 458 3546 communem
484 3501 599 3544 eorum
628 3481 807 3544 utilitatem
833 3499 915 3542 sane
940 3497 1041 3559 quam
1069 3478 1196 3540 condu·

84 3581 208 3647 cibilia.
225 3583 265 3646 In
293 3583 413 3666 quibus
430 3584 512 3646 haec
529 3593 716 3647 memoratu
742 3583 868 3664 digna:
895 3581 1119 3662 principatum
1139 3579 1195 3662 qui
1260 3618 1378 3669 Consulit

84 3695 235 3764 teneant,
250 3706 307 3748 eos
333 3686 514 3768 imaginem
531 3686 666 3750 divinae
690 3685 722 3748 in
746 3685 901 3748 homines
926 3682 1103 3764 potestatis
1120 3701 1194 3762 pro·
1223 3687 1292 3762 eninr
1305 3685 1352 3762 Eq-

83 3789 323 3872 videntiaeque
339 3789 481 3868 referre;
506 3809 621 3853 eorum
638 3790 815 3869 imperium
841 3788 964 3850 debere
980 3788 1105 3848 iustum
1123 3804 1196 3848 esse
1222 3753 1376 3881 {imm

85 3899 121 3953 et
149 3889 272 3952 imitari
299 3891 461 3968 divinum,
487 3891 640 3956 bonitate
665 3900 889 3972 temperatum
918 3899 1067 3971 paterna,
1093 3898 1195 3970 atque
1223 3883 1366 3996 ntrJgnni-

85 3993 186 4056 unice
210 3995 439 4059 emolumenta
466 4005 619 4078 spectare
645 3995 814 4072 civitatis;
848 3995 891 4057 ab
923 3994 1004 4076 ipsis
1030 3994 1194 4056 rationem
1222 3963 1351 4062 ffrfrssffi.

87 4098 167 4162 Deo
184 4098 283 4162 iudici
300 4099 484 4181 aliquando
508 4099 725 4176 reddendam,
750 4119 892 4180 eamque
916 4119 977 4180 pro
993 4097 1130 4161 celsiore
1147 4096 1196 4160 di·
1223 4077 1312 4136 canda·

85 4201 230 4285 gnitatis
256 4203 330 4268 loco
354 4206 565 4286 graviorem:
590 4206 647 4288 qui
673 4225 751 4268 vero
768 4206 836 4268 sint
859 4205 921 4267 sub
947 4213 1126 4286 potestate,
1140 4203 1197 4265 de·
1224 4243 1333 4294 consulit

87 4311 172 4374 bere
186 4317 379 4372 constanter
395 4311 614 4372 reverentiam
640 4317 674 4372 et
701 4308 803 4372 fidem
827 4327 959 4371 servare
984 4307 1198 4390 principibus,
1224 4309 1341 4368 subditis.
