3250 4888
404 277 454 347 90
531 273 720 326 messene
745 271 1003 326 Aposromcrn
1023 257 1044 288 “
1063 269 1175 340 Quun
1203 270 1332 322 nunna
1351 247 1379 322 ”.

231 441 376 505 praemium
403 434 578 510 caducum,
593 431 667 508 illis,
685 431 781 513 quasi
805 429 1073 505 invitamentum,
1102 428 1332 510 proponimus.
1348 429 1508 495 Ceterum
1597 419 1598 454 ³

225 507 376 630 tffiffl
404 539 531 601 maiora
548 543 730 619 expectent
746 534 791 598 ab
808 535 856 612 iis,
878 533 998 616 quibus
1022 551 1057 596 se
1073 533 1290 607 devoverunt,
1307 530 1464 597 nimirum
1488 553 1511 598 a

359 707 363 712 .
405 641 490 718 Iesu,
507 641 616 706 Maria
631 649 664 704 et
677 639 809 721 Ioseph,
824 639 881 721 qui
897 639 964 702 sint
980 637 1084 701 servis
1099 637 1169 699 suis
1185 645 1380 718 praesentes
1396 639 1510 720 propi·
1598 685 1599 718 5

403 743 439 806 tii
452 745 486 806 in
503 745 595 808 omni
609 743 698 808 vitae
713 763 819 818 cursu,
831 752 866 806 et
878 739 1096 824 postmodum
1113 738 1271 815 efficiant,
1283 748 1321 804 ut
1346 759 1405 804 sua
1431 759 1510 804 san·
1598 755 1599 758 ’

403 847 551 912 ctissima
573 868 612 912 ac
638 846 835 911 suavissima
860 846 997 909 nomina
1019 845 1153 908 illorum
1175 833 1393 908 morientium
1411 844 1512 910 labiis

223 975 375 1023 decemitin-
403 951 578 1015 insideant.
595 949 710 1034 Quare
722 951 812 1034 quod
830 951 956 1014 bonum
973 959 1196 1032 sanctumque
1212 949 1265 1027 sit,
1289 949 1421 1033 Deique
1436 951 1512 1033 gio·
1599 1007 1600 1026 ,

220 1040 375 1167 fimi?
403 1055 479 1132 riae,
490 1063 524 1118 et
536 1056 723 1118 animarum
734 1054 834 1118 saluti
851 1056 1056 1132 benevertat,
1074 1055 1147 1118 Nos
1163 1053 1365 1118 auctoritate
1382 1053 1512 1118 Nostra
1599 1059 1600 1100 ³

225 1171 375 1219 tiasasocra·
401 1155 609 1240 Apostolica,
636 1159 688 1222 his
704 1157 831 1237 litteris,
850 1178 1034 1241 poenarum
1052 1157 1306 1222 remissionibus
1321 1177 1380 1222 seu
1396 1157 1509 1223 indul·

224 1237 375 1350 ‘1222st
402 1262 533 1344 gentiis,
549 1262 806 1346 privilegiisque,
821 1283 908 1346 quae
931 1262 1015 1326 inira
1031 1263 1064 1325 in
1082 1259 1238 1342 apposito
1262 1259 1373 1326 indice
1393 1281 1511 1326 reeen-

401 1377 526 1443 sentur‚
546 1385 663 1430 omnes
687 1375 720 1429 et
746 1367 897 1448 singulos
922 1367 1054 1431 sodales
1078 1365 1346 1431 consociationis
1391 1384 1511 1430 sacrae
1598 1433 1601 1446 ⁴

402 1467 565 1535 Familiae
580 1480 650 1534 tam
667 1479 861 1554 praesentes
877 1492 979 1553 quam
1001 1471 1131 1536 futuros
1155 1469 1203 1533 uti
1234 1488 1334 1552 posse
1349 1469 1511 1536 volumus

402 1583 436 1637 et
446 1575 609 1642 iubemus.
