3250 4888
437 621 438 624 ’
484 623 538 680 Ad
567 625 768 696 Episcopos
794 624 1011 698 Hispaniae,
1039 625 1171 683 Italiae
1193 630 1231 683 et
1254 625 1452 699 utriusque

873 783 1070 840 Americae
1139 814 1141 816 v

305 1409 334 1454 16
418 1401 733 1476 manuatim
779 1388 923 1452 abeunte
959 1387 1103 1464 saeculo,
1138 1399 1256 1469 postea
1292 1409 1391 1472 quam
1424 1391 1527 1454 homo

270 1468 362 1584 'ff
417 1465 603 1778 {Q
625 1490 729 1571 Ligur
747 1492 788 1553 ad
821 1493 954 1572 ignotas
984 1500 1077 1554 trans
1109 1491 1282 1557 Oceanum
1312 1493 1526 1558 Atlanticum

624 1615 708 1671 oras,
724 1593 799 1658 Deo
816 1595 958 1676 auspice,
985 1595 1111 1676 primus
1131 1595 1271 1678 appulit,
1298 1598 1446 1678 gestiunt
1463 1599 1524 1661 ho-

277 1685 373 1735 Laudi·
627 1697 732 1762 mines
749 1707 781 1761 ct
798 1700 994 1762 memoriam
1013 1700 1057 1762 rei
1074 1709 1171 1781 grata
1194 1701 1425 1764 recordatione
1442 1700 1529 1766 cele-

264 1751 390 1800 lusextol-

261 1820 293 1866 rtr
304 1816 389 1894 Penta]-
417 1805 514 1870 brare
530 1813 563 1868 et
575 1811 745 1868 auctorem
759 1803 929 1868 extollere.
940 1804 1013 1866 Nec
1030 1823 1110 1867 sane
1121 1802 1216 1867 facile
1229 1806 1421 1886 reperiatur,
1438 1826 1527 1891 quae

248 1881 391 2012 (affl,
416 1917 610 1991 permoveat
626 1909 757 1970 animos
773 1907 950 1989 studiaque
961 1907 1154 1984 inflammet,
1170 1928 1289 1972 caussa
1300 1909 1369 1973 ulla
1384 1911 1530 1992 dignior.

244 2013 390 2090 Columnam
419 2013 488 2075 Res
500 2013 589 2076 enim
606 2031 664 2094 per
694 2031 729 2074 se
745 2011 895 2074 omnium
913 2019 972 2088 est,
988 2031 1071 2092 quas
1102 2010 1171 2075 ulla
1200 2019 1294 2076 aetas
1313 2031 1462 2095 unquam
1479 2013 1526 2076 ab

240 2087 392 2208 {wast
417 2113 609 2176 hominibus
639 2111 774 2176 effectas
789 2113 882 2188 vidit,
899 2113 1048 2176 maxima
1072 2123 1105 2176 et
1128 2115 1353 2196 pulcherrima
1371 2118 1422 2180 :is
1447 2137 1529 2182 vero

241 2215 378 2274 peractum.
418 2217 475 2299 qui
492 2216 578 2294 lecit,
594 2217 738 2298 pectoris
754 2216 945 2298 ingeniique
962 2217 1195 2296 magnitudine
1211 2229 1287 2301 post
1304 2227 1402 2283 natos
1418 2219 1529 2283 homi-

419 2341 478 2384 nes
489 2341 565 2385 cum
581 2321 697 2402 paucis
727 2321 982 2403 comparandus.
1006 2319 1088 2382 Eius
1113 2324 1225 2402 opera,
1240 2342 1285 2385 ex
1313 2323 1529 2405 inexplorato

419 2423 547 2490 Oceani
563 2425 637 2488 sinu
654 2423 738 2488 alter
753 2423 887 2488 emersit
917 2423 1022 2487 orbis:
1038 2432 1180 2487 centena
1198 2424 1390 2488 mortalium
1419 2423 1526 2489 millia

418 2549 462 2592 ex
490 2527 657 2592 oblivione
681 2539 715 2592 et
735 2528 880 2590 tenebris
911 2529 945 2590 in
977 2545 1191 2592 communem
1222 2529 1361 2592 humani
1391 2529 1524 2611 generis

418 2633 612 2697 societatem
629 2633 791 2707 restituta,
802 2652 847 2694 ex
863 2630 934 2695 lero
945 2631 1038 2694 cultu
1055 2632 1098 2694 ad
1115 2633 1407 2694 mansuetudinem
1424 2642 1530 2714 atque

418 2737 662 2800 humanitatem
674 2738 840 2813 traducta;
849 2735 1008 2818 quodque
1021 2745 1071 2798 est
1083 2734 1184 2818 longe
1197 2736 1396 2814 maximum,
1410 2755 1527 2800 eorum

420 2841 723 2904 communicatione
739 2841 914 2916 bonorum,
933 2857 1021 2920 quae
1034 2837 1136 2920 Jesus
1154 2838 1306 2902 Christus
1331 2840 1469 2921 peperit,
1484 2839 1529 2901 ad

343 2969 395 3029 Qut
419 2944 521 3008 vitam
538 2943 775 3026 sempiternam
793 2943 836 3006 ab
851 2944 986 3006 interitu
999 2950 1162 3005 revocata.
1229 2939 1366 3023 Europa
1383 2942 1532 3023 quidem,

242 3035 392 3149 &mile
420 3047 549 3111 subitae
564 3048 611 3110 rei
628 3048 777 3110 novitate
787 3057 820 3110 et
835 3045 996 3108 miraculo
1007 3055 1087 3108 tunc
1098 3047 1254 3122 attonita,
1267 3045 1347 3127 quid
1361 3043 1531 3110 Columbo

243 3165 354 3214 tunsam
370 3170 395 3212 et
419 3151 550 3228 debeat,
565 3150 688 3212 sensim
717 3160 835 3233 postea
850 3151 1018 3233 cognovit,
1032 3169 1110 3212 curn
1138 3149 1294 3212 nimirum
1324 3149 1477 3213 deductis
1496 3151 1531 3212 in

243 3231 394 3354 '‘{Jffiffif
421 3257 612 3321 Americam
626 3257 969 3334 coloniis,commcatu
981 3256 1125 3333 assiduo,
1136 3253 1323 3317 mutatione
1335 3251 1532 3330 officiorum,

270 3361 395 3424 posterior
420 3361 540 3425 dandis
566 3360 835 3442 accipiendisque
852 3361 934 3424 mari
951 3361 1058 3438 rebus,
1074 3360 1118 3422 ad
1136 3367 1275 3422 naturae
1291 3357 1532 3439 cognitionem,
1622 3421 1623 3424 ,

244 3433 343 3475 tantum
355 3442 392 3475 ac·
756 3465 764 3480 .
983 3467 990 3480 .
1098 3465 1104 3478 .
1134 3463 1166 3478 ..
1380 3463 1388 3477 .
1622 3445 1623 3480 t

245 3499 283 3540 aa,
310 3508 393 3556 wo.
420 3467 463 3530 ad
480 3485 674 3529 communes
690 3485 811 3547 copias,
828 3467 869 3528 ad
887 3486 968 3547 opes
981 3465 1184 3528 rncredrbrlrs
1200 3473 1251 3526 est
1264 3483 1411 3527 accessio
1428 3463 1530 3539 facta,

246 3559 291 3606 ²²²⁷·
422 3573 554 3652 unaque
570 3569 669 3633 simul
687 3569 855 3651 Europaei
879 3571 1023 3634 nominis
1055 3567 1137 3632 mire
1152 3567 1255 3630 crevit
1279 3567 1470 3632 auctoritas.
1487 3605 1532 3616 —

321 3689 396 3737 Prae·
426 3675 463 3738 ln
481 3673 544 3737 hac
559 3673 660 3755 igitur
675 3681 744 3735 tam
762 3673 938 3755 multiplici
954 3671 1198 3755 significatione
1214 3669 1360 3747 honoris,
1376 3679 1476 3752 atque
1495 3672 1530 3734 in

280 3756 397 3868 hm?
422 3780 486 3842 hoc
502 3775 592 3841 velut
608 3786 771 3842 concentu
794 3777 1044 3859 gratulantium,
1060 3777 1198 3838 omnino
1215 3775 1311 3839 silere
1337 3795 1405 3838 non
1430 3777 1532 3840 decet

270 3902 329 3934 rum
337 3895 360 3933 et
368 3885 398 3933 ab
425 3880 620 3956 Ecclesiam,
635 3880 760 3961 quippe
775 3899 861 3961 quae
878 3901 970 3944 more
986 3890 1088 3962 atque
1104 3879 1260 3942 instituto
1275 3899 1346 3956 suo,
1362 3879 1531 3962 quidquid

288 3951 399 4000 Ecclesia
977 3984 984 3998 .
1066 3985 1074 3997 .
1381 3984 1387 3998 .

281 4017 400 4064 „panm-
425 4005 565 4068 usquam
582 3982 761 4047 honestum
789 4003 827 4046 ac
851 3983 1018 4048 laudabile
1042 3983 1203 4061 vrdeatur,
1219 3983 1340 4064 probat
1366 3983 1474 4048 libens
1491 4005 1533 4049 ac
1621 4015 1622 4082 ,

247 4083 399 4197 mm
426 4087 605 4171 provehere
622 4085 747 4151 nititur.
765 4086 921 4150 Honores
937 4087 993 4150 illa
1009 4087 1145 4169 quidem
1169 4087 1355 4170 singulares
1371 4097 1405 4150 et
1422 4090 1536 4152 maxi·
1621 4091 1622 4114 ¹

266 4212 399 4262 nroslano·
427 4213 499 4257 mos
515 4201 660 4254 reservat
685 4191 979 4272 praestantissimis
999 4191 1032 4254 in
1050 4209 1171 4272 genere
1195 4209 1325 4254 morum
1342 4189 1537 4270 virtutibus,

271 4295 309 4328 Μ
324 4293 399 4346 '‘³4''
426 4317 492 4380 qua
508 4295 606 4360 saluti
622 4303 776 4360 aeternae
791 4295 979 4360 animorum
992 4294 1172 4359 cohaerent
1187 4313 1270 4359 :non
1283 4295 1407 4358 idcirco
1417 4304 1535 4361 tamen
