3250 4888
432 299 483 351 DE
512 297 678 350 ROSARIO
704 299 878 352 MARIALI.
1144 303 1207 353 111

100 473 206 527 terna.
219 499 263 512 -
275 461 370 525 Haec
386 478 495 523 rerum
508 459 610 542 plane
625 455 872 524 admirabilium
887 470 1050 526 contexta
1061 460 1162 526 series
1178 462 1211 524 in
1276 462 1352 558 ὦ,

100 565 251 630 lidelium
270 573 398 628 mentes
414 561 607 646 frequenter
626 561 826 646 assidueque
841 574 1023 642 revocatur,
1040 574 1073 628 et
1095 563 1162 628 lere
1176 565 1210 628 in
1277 566 1350 630 1892·

99 676 284 751 conspectu
297 663 468 749 explicata
483 664 681 748 proponitur
698 689 706 730 :
721 664 756 728 id
780 666 872 748 quod
895 665 1073 730 Rosarium
1097 677 1213 731 sancte
1238 665 1366 780 adm

99 771 288 837 colentibus
298 770 447 856 aspergit
456 769 588 834 animos
598 789 686 834 nova
695 789 827 853 semper
836 769 983 853 quadam
995 771 1129 854 pietatis
1139 771 1212 836 dul·
1237 796 1273 844 „a
1295 796 1325 844 a„
1345 797 1389 845 Fr·-

99 875 228 952 cedine,
243 874 381 957 perinde
396 871 544 940 afficiens
560 883 593 937 et
604 893 743 938 movens
756 875 852 957 quasi
865 893 984 939 vocem
997 876 1105 958 ipsam
1120 877 1210 940 exci-
1236 861 1389 976 ffjrfiw·

98 988 218 1063 petent
233 976 546 1061 indulgentissimae
563 977 694 1062 Matris,
716 980 835 1042 eadem
858 979 1036 1062 aperientis
1052 981 1212 1062 mysteria
1236 963 1364 1043 minum

100 1083 273 1166 multaque
290 1082 480 1146 salutariter
489 1080 754 1165 alloquentis-
765 1081 878 1166 Quare
890 1101 956 1148 non
970 1083 1003 1146 id
1017 1083 1116 1148 nimis
1126 1083 1211 1148 affir·
1237 1064 1366 1108 ‘'mm''

99 1195 230 1252 matum
242 1185 419 1262 videbitur,
429 1185 550 1270 quibus
561 1193 595 1252 et
607 1185 688 1252 locis
699 1197 732 1251 et
743 1185 878 1252 familiis
889 1197 923 1252 et
933 1187 1090 1272 gentibus
1105 1189 1211 1254 hono·

98 1309 170 1354 rem
185 1289 363 1374 pristinum
381 1289 527 1356 marialis
545 1290 678 1356 Rosarii
695 1291 903 1356 consuetudo
919 1291 1071 1370 retineat,
1083 1291 1210 1358 nullam

97 1391 145 1457 ihi
161 1391 324 1458 iacturam
337 1391 416 1458 fidei
436 1395 481 1460 ab
497 1393 687 1477 ignorantia
711 1393 944 1480 pestiferisque
960 1395 1126 1461 erroribus
1143 1415 1212 1462 me·

98 1498 271 1564 tuendam.
1264 1508 1376 1560 accusa

144 1599 213 1667 Sed
229 1601 294 1667 alia
318 1621 385 1666 non
414 1601 524 1668 minus
547 1612 705 1686 praestat,
728 1622 830 1686 quam
863 1603 1015 1670 Ecclesia
1038 1601 1115 1668 filiis
1142 1605 1210 1668 suis
1235 1574 1389 1692 cmm,

98 1723 339 1789 magnoperea
367 1705 510 1772 Rosario
525 1707 665 1792 quaerit,
679 1706 807 1772 utilitas
827 1728 835 1785 ;
856 1727 896 1771 ea
912 1715 973 1784 est,
1001 1717 1038 1772 ut
1063 1707 1106 1772 ad
1132 1706 1210 1772 fidei
1236 1706 1387 1822 &melma-

97 1819 235 1875 sanctae
261 1827 413 1874 normam
430 1819 464 1874 et
480 1810 685 1894 praescripta
708 1809 811 1874 vitam
829 1828 1008 1894 moresque
1035 1830 1113 1875 suos
1137 1810 1210 1876 dili·
1235 1837 1384 1890 ,um-dm„

97 1911 232 1993 gentius
248 1921 462 1993 componant.
478 1907 515 1976 Si
532 1909 631 1989 enim,
644 1920 681 1974 ut
696 1930 813 1975 omnes
831 1919 947 1976 tenent
959 1909 1111 1976 divinum
1129 1909 1210 1976 effa·
1296 1927 1371 1978 Fmes

97 2025 191 2080 tum:
207 2013 307 2079 Fides
325 2014 396 2080 sine
410 2014 557 2097 peetus
572 2024 702 2080 mortua
717 2023 765 2079 est
778 2013 831 2097 (¹),
854 2033 895 2079 eo
910 2014 989 2098 quia
1005 2012 1089 2079 fides
1104 2014 1209 2078 vitam
1235 2008 1372 2123 ,κβ

96 2117 192 2183 ducit
207 2137 227 2183 a
242 2119 390 2196 caritate,
406 2119 527 2183 caritas
543 2127 656 2183 autem
671 2118 703 2181 in
721 2118 908 2183 ubertatem
926 2119 1001 2182 exit
1017 2126 1209 2182 sanctarum
1236 2123 1307 2173 nihil
1316 2125 1352 2173 ad

97 2223 269 2289 actionum
285 2221 388 2302 ;nihil
404 2221 554 2304 prolecto
564 2219 784 2286 emolumenti
800 2222 843 2286 ad
857 2231 995 2286 aeterna
1010 2220 1210 2286 christianus
1232 2189 1342 2318 {w}

96 2327 202 2390 homo
217 2333 433 2409 percepturus
448 2326 510 2389 erit
519 2344 564 2388 ex
577 2323 642 2389 fide
657 2343 728 2399 sua,
738 2323 801 2386 nisi
813 2324 978 2389 rationem
990 2321 1080 2388 vitae
1092 2342 1209 2387 secun·
1231 2320 1387 2436 ἐκαὶ,

96 2429 181 2495 dum
197 2449 272 2494 eam
288 2429 450 2494 direxerit
464 2449 472 2492 :
488 2427 583 2508 Quid
586 2427 745 2512 proderit,
751 2428 885 2508 fratres
900 2427 972 2505 mei,
981 2427 1014 2491 si
1018 2426 1125 2512 fidem
1136 2448 1211 2512 quas
1236 2451 1307 2501 dm

97 2533 190 2598 dicat
199 2551 233 2597 se
243 2529 367 2609 habere,
375 2543 471 2614 opera
482 2542 591 2597 autem
602 2551 664 2596 non
674 2530 1120 2615 habeatsnumquidpoterit
1122 2531 1211 2614 fides
1235 2515 1388 2648 ssssffpsg

96 2634 231 2699 salvare
243 2656 317 2700 eum
334 2634 407 2719 (²)?
432 2635 526 2700 istud
543 2635 648 2700 immo
669 2634 843 2700 hominum
860 2653 966 2718 genus
982 2635 1209 2718 reprehensio·
1236 2645 1386 2700 tentonem.

96 2757 176 2804 nem
202 2737 326 2805 Christi
357 2739 476 2805 iudicis
500 2739 607 2806 multo
631 2739 818 2823 graviorem
849 2740 1004 2815 incurret,
1026 2759 1129 2823 quam
1153 2739 1209 2821 qui

95 2841 299 2908 christianae
315 2841 393 2908 fidei
409 2842 673 2928 disciplinaeque
689 2844 757 2908 sint
773 2843 893 2908 misere
909 2843 1016 2926 ignari
1035 2867 1042 2908 :
1058 2844 1115 2927 qui
1133 2863 1210 2920 non,

95 2955 134 3012 ut
151 2944 199 3009 illi
225 2965 411 3030 perperam,
431 2945 530 3011 aliter
552 2947 693 3011 credunt
717 2946 813 3010 aliter
838 2947 964 3024 vivunt,
988 2965 1102 3011 verum
1130 2947 1209 3030 quia

94 3057 213 3114 carent
230 3048 406 3132 Evangelii
422 3048 558 3128 lumine,
573 3049 699 3114 habent
717 3049 794 3114 ideo
809 3049 992 3132 quamdam
1020 3049 1210 3114 excusatio·
1270 3103 1294 3152 A
1295 3102 1374 3152 dvir·

94 3170 177 3218 nem
202 3162 261 3218 aut
288 3153 417 3218 minore
446 3161 525 3218 sunt
548 3161 638 3218 certe
653 3154 686 3217 in
716 3172 816 3217 noxa.
834 3150 971 3235 -Quo
1002 3152 1103 3237 igitur
1128 3151 1210 3217 fides
1238 3169 1367 3218 tutamin-

94 3275 201 3340 quam
217 3254 414 3339 profitemur
428 3259 655 3322 consentanea
670 3255 838 3321 fructuum
862 3256 990 3321 laetitia
1014 3255 1134 3320 melius
1150 3255 1210 3320 ilo-
1228 3229 1389 3348 &mag

94 3371 217 3438 rescat,
232 3362 331 3427 simul
345 3383 390 3426 ex
401 3363 567 3446 mysteriis
579 3363 661 3447 ipsis
674 3383 760 3448 quae
777 3382 872 3428 mens
881 3362 1126 3428 considerando
1137 3382 1211 3444 per·
1237 3364 1387 3478 milza-

94 3465 258 3549 sequitur,
274 3467 317 3532 ad
341 3467 502 3533 virtutum
528 3468 701 3552 proposita
718 3467 800 3531 mire
815 3466 948 3530 animus
974 3465 1209 3530 inflammatur.
1237 3495 1389 3544 raconem·

95 3570 198 3654 Opus
214 3589 335 3654 nempe
351 3569 559 3636 salutiferum
576 3569 700 3637 Christi
712 3567 966 3652 Domini,quale
978 3567 1076 3632 nobis
1086 3567 1211 3631 eminet
1231 3559 1389 3689 mle.

94 3696 136 3741 ac
155 3675 241 3738 nitet
268 3675 300 3738 in
329 3693 447 3740 omnes
462 3684 575 3758 partes
598 3673 815 3759 exemplum!
833 3673 980 3756 Magnus
996 3671 1212 3754 omnipotens
1237 3690 1372 3741 nrauht-

95 3779 206 3856 Deus,
221 3785 361 3861 urgente
376 3777 410 3843 in
428 3798 489 3844 nos
506 3779 611 3844 nimia
626 3779 776 3857 caritate,
791 3777 835 3842 ad
848 3775 954 3840 infimi
971 3775 1117 3840 hominis
1132 3795 1212 3840 con·
1238 3755 1389 3871 mmm

94 3882 264 3948 ditionem
280 3901 353 3947 sese
368 3891 532 3949 extenuat
547 3903 556 3964 ;
569 3881 743 3948 nobiscum
760 3880 852 3946 velut
865 3898 950 3944 unus
962 3879 1005 3943 de
1016 3878 1129 3944 multis
1142 3899 1212 3944 ver·
1242 3887 1347 3966 cassu,

93 3995 202 4064 satur,
217 3986 323 4052 amice
340 3986 549 4071 colloquitur,
562 3985 711 4070 singulos
728 3995 761 4050 et
778 3985 910 4050 turbam
927 3981 970 4049 ad
987 4002 1123 4047 omnem
1140 4003 1212 4048 eru·
1238 3959 1372 4084 m&

92 4090 148 4156 dit
166 4087 333 4173 docetque
360 4090 533 4168 iustitiam,
548 4088 720 4154 excellens
735 4107 890 4154 sermone
915 4087 1083 4169 magister,
1098 4095 1212 4150 aucto·
1239 4083 1367 4162 banfices·

93 4195 200 4260 ritate
216 4191 319 4257 Deus.
336 4192 503 4259 Omnibus
519 4194 659 4258 omnino
684 4212 719 4256 se
735 4192 794 4256 dat
809 4187 997 4256 beneficum
1018 4208 1025 4264 ;
1048 4207 1066 4252 e
1087 4188 1212 4252 morbis
1238 4157 1341 4265 m}

125 4330 149 4364 r.
165 4315 227 4368 lac..
240 4325 270 4368 ιι,
282 4329 318 4362 ao
331 4339 361 4350 -
377 4329 397 4362 a
412 4317 455 4369 u..
471 4329 504 4374 14.
