3216 4880
432 269 434 271 ·
442 241 514 331 338
796 261 917 338 mnsx
946 261 1193 315 aunuvrrcus.

437 437 518 505 licus,
531 437 682 508 ipsumque
693 436 848 506 genuinum
861 453 926 492 esse
939 436 1124 492 demonstret.
1139 438 1169 493 Si
1183 455 1239 492 non
1253 437 1338 494 fuerit
1358 439 1485 504 definitus,
1495 440 1518 492 sit

437 525 633 598 interpretatio
646 525 793 580 doctrinae
803 525 962 582 catholicae
972 542 1099 580 consona
1113 541 1144 580 ar
1149 541 1173 594 3.
1185 557 1218 565 —
1229 527 1273 580 Sit
1288 525 1518 596 Scripturaeniagi·

437 621 497 668 ster
506 613 697 681 theologia,ac
705 613 835 667 doctrina
846 613 896 667 SS.
912 611 1521 683 Patrum,Doctorum,interpretumimbutus,

436 711 466 756 ut
477 701 584 772 passim
597 702 694 755 Patres
704 709 822 756 monent
833 715 863 754 21
870 714 934 768 3.-
946 699 1116 769 Supremam
1126 700 1212 754 habet
1222 701 1422 756 auctoritatem
1432 701 1476 754 SS.
1484 701 1520 752 Pa-

435 799 510 845 trum
523 788 667 842 unanimis
676 803 832 842 consensus
845 787 881 842 de
892 786 926 841 iis
939 787 1010 842 locis
1023 787 1070 856 qui
1084 787 1121 841 ad
1136 787 1237 842 Fidem
1251 789 1295 842 vel
1310 805 1405 843 mores
1417 799 1521 858 spectant

435 893 561 946 ²13-214-
573 906 607 915 -
616 875 799 948 ipsorumque
812 875 954 930 sententia
967 875 1054 930 etiam
1065 876 1183 946 privata,
1197 877 1293 944 magni
1305 877 1521 942 aestimandaest,

435 968 501 1022 licet
511 969 549 1020 ob
559 967 666 1036 justam
678 981 795 1020 causam
808 966 882 1018 ultra
891 964 1130 1036 possitinterpres
1141 965 1420 1035 procedere,servata
1429 965 1521 1036 quiden

437 1055 465 1109 S.
479 1056 551 1123 Aug.
566 1053 662 1122 regula
674 1053 710 1106 de
724 1068 808 1106 sensu
821 1051 935 1106 litterali
949 1050 1073 1106 tenendo
1087 1052 1141 1106 nisi
1155 1053 1228 1108 ratio
1241 1054 1336 1108 obstet
1356 1063 1406 1108 aut
1422 1053 1522 1108 necessi·

435 1155 480 1198 tas
495 1157 554 1208 214.
563 1173 597 1181 -
609 1142 659 1196 SS.
675 1143 789 1195 Parrum
802 1141 997 1211 interpretatio
1008 1140 1169 1211 allegorica,
1183 1159 1368 1213 nequaquam
1377 1141 1524 1212 negligenda

436 1247 496 1296 214.
510 1261 543 1270 -
559 1231 652 1284 Ceteri
665 1229 797 1285 catholici
815 1230 984 1300 interpretes
1004 1245 1110 1299 magno
1129 1231 1237 1284 honore
1250 1231 1388 1298 habendi,
1400 1247 1450 1286 nec
1465 1242 1522 1299 post·

435 1319 560 1391 ponendi
574 1317 763 1386 heterodoxis,
774 1333 894 1387 quorum
903 1317 1018 1386 quidem
1033 1317 1135 1372 studiis
1145 1319 1261 1387 juvatur
1273 1319 1417 1374 interdum
1430 1319 1523 1372 catholi-

435 1423 486 1462 cus
499 1408 653 1475 interpres:
665 1415 693 1458 at
701 1421 784 1457 verus
796 1404 960 1474 Scripturae
971 1421 1072 1458 sensus
1081 1417 1159 1460 extra
1170 1405 1331 1460 Ecclesiam
1341 1423 1400 1460 non
1409 1407 1525 1475 reperitur

435 1509 531 1559 ara-21
539 1506 561 1561 5.
572 1523 606 1530 —
615 1491 657 1546 Sit
667 1493 813 1562 Scriptura
823 1491 972 1546 universae
980 1492 1142 1562 theologiae
1151 1493 1234 1562 quasi
1244 1494 1352 1548 anima:
1368 1496 1421 1587 hoq
1429 1507 1523 1547 monent

435 1583 552 1636 Patrum
567 1596 797 1649 summorumque
810 1580 1024 1648 Theologorum
1037 1581 1125 1634 verba
1136 1589 1164 1634 el
1178 1583 1308 1650 exempla
1323 1595 1384 1651 215.
1398 1611 1431 1620 —
1451 1582 1525 1634 Theo·

434 1670 510 1737 logia
529 1667 627 1738 nequit
649 1668 700 1721 rite
714 1666 828 1722 tractari
849 1665 903 1720 nisi
918 1667 1033 1721 assiduo
1048 1667 1213 1737 Scripturae
1225 1669 1321 1722 studio
1332 1681 1394 1738 215.
1408 1699 1440 1708 -
1453 1670 1522 1736 Argu·

433 1756 571 1810 mentatio
596 1756 711 1824 quidem
737 1755 766 1808 in
791 1755 897 1809 scholis
919 1755 957 1808 ad
978 1756 1145 1824 dogmatum
1167 1755 1316 1810 scientiam
1341 1757 1522 1827 acquirendam

433 1841 882 1911 usurpandapraecipue,minime
893 1853 987 1895 tamen
997 1840 1168 1910 negligenda
1178 1841 1388 1897 demonstratio
1401 1861 1433 1898 ex
1444 1841 1523 1896 Bibliis

432 1931 528 1996 ducta,
540 1946 606 1982 cum
619 1945 636 1982 a
651 1929 714 1982 Deo
728 1929 873 1997 theologia
884 1945 935 1982 sua
943 1928 1065 1997 accipiat
1077 1928 1216 1998 principia
1228 1931 1356 1998 215-216.
1370 1959 1406 1968 -
1420 1931 1524 1983 Docetur

432 2034 449 2071 a
470 2018 497 2072 S.
515 2018 628 2069 Thoma
646 2015 796 2084 theologus
819 2033 870 2070 sua
892 2015 1032 2086 principia
1055 2016 1125 2070 tueri
1144 2017 1180 2070 ab
1205 2017 1390 2086 adversariis,
1404 2017 1460 2072 sive
1471 2015 1522 2086 quid

430 2105 557 2172 revelari,
577 2104 637 2157 sive
660 2102 730 2156 nihil
750 2105 910 2158 concedunt
931 2104 989 2158 216.
1004 2133 1038 2142 -
1053 2105 1137 2158 Hanc
1150 2105 1308 2159 studiorum
1321 2107 1401 2160 viam
1416 2106 1523 2160 Pontilrr

433 2191 601 2244 monstravit
614 2207 670 2260 qua
683 2189 759 2244 ducti
773 2192 879 2243 tirones
893 2205 1016 2244 errorem
1027 2191 1125 2258 vitent,
1138 2192 1282 2246 etiructus
1291 2193 1429 2262 colligant
1439 2193 1523 2245 uberri-

430 2299 493 2334 mos
512 2282 571 2335 216.
593 2281 712 2333 —Pars
728 2281 783 2333 lll.
799 2281 844 2334 De
857 2280 1024 2334 auctoritate
1038 2279 1139 2350 Script.
1154 2280 1341 2336 vindicanda.
1354 2309 1391 2320 -
1404 2283 1523 2336 Remanet

431 2379 460 2424 ut
475 2370 576 2438 Script.
591 2367 744 2421 auctoritas
758 2369 959 2437 comprobetur
971 2387 978 2432 ;
992 2369 1068 2436 quod
1082 2369 1165 2437 plene
1178 2367 1292 2438 assequi
1305 2371 1366 2423 non
1379 2369 1470 2423 licebit
1481 2367 1522 2419 nisi

429 2475 465 2514 ex
478 2457 643 2526 magisterio
657 2456 813 2523 Ecclesiae,
827 2473 900 2526 quae
913 2456 1029 2526 quidem
1042 2457 1132 2511 defert
1156 2475 1253 2512 secum
1271 2457 1384 2512 motiva
1404 2454 1523 2512 credibili·

430 2546 497 2600 tatis
523 2546 582 2598 216.
607 2573 641 2581 -
663 2547 757 2613 Quum
779 2543 848 2598 illud
867 2543 1063 2612 magisterium
1085 2543 1113 2598 in
1135 2543 1281 2614 Scriptura
1294 2545 1384 2600 etiam
1397 2545 1522 2602 consistat,

429 2633 509 2687 libris
523 2632 611 2686 sacris
625 2631 695 2684 fides
708 2631 809 2686 saltem
824 2632 950 2685 humana
962 2633 1118 2686 asserenda
1128 2643 1172 2688 est
1184 2653 1191 2698 ;
1205 2649 1261 2702 qua
1274 2632 1414 2701 stabilita,
1426 2649 1458 2687 ex
1469 2628 1524 2700 ipsis

432 2720 536 2774 Christi
551 2718 694 2785 divinitas,
706 2719 854 2773 Ecclesiae
868 2717 1016 2787 institutio,
1026 2719 1101 2774 Petri
1113 2719 1251 2789 primatus
1264 2730 1404 2774 eruuntur
1417 2719 1522 2782 216-211.

429 2835 466 2844 -
484 2805 529 2858 Ad
548 2822 633 2859 omne
651 2821 762 2873 pugnae
782 2822 873 2874 genus
894 2815 923 2859 ut
946 2805 1037 2876 parati
1055 2807 1112 2860 sint
1132 2806 1297 2861 sacerdotes
1319 2807 1523 2876 chrysostomus

430 2893 540 2948 monuit
554 2907 614 2958 217.
628 2921 662 2930 -
676 2894 709 2946 ln
724 2892 888 2962 Scripturae
901 2893 1078 2948 adversarios
1092 2911 1171 2948 arma
1184 2906 1369 2950 assumantur
1382 2895 1522 2962 linguarum

429 2981 609 3036 orientalium
620 2981 754 3048 studium,
763 2991 790 3034 et
800 2998 845 3034 ars
854 2981 952 3035 critica
963 2981 1090 3048 217-218.
1101 2985 1209 3038 -Arte
1221 2981 1321 3037 critica
1329 2985 1412 3038 multi
1422 2981 1522 3036 abutun-

430 3081 484 3135 tur,
496 3086 554 3122 non
567 3070 746 3124 attendentes
761 3070 789 3121 in
807 3086 838 3122 re
851 3067 995 3137 historica,
1006 3070 1171 3125 testimonia
1183 3070 1323 3125 historiae
1336 3089 1408 3142 prae
1422 3069 1523 3124 caeteris

429 3158 532 3224 valere,
546 3175 599 3212 nec
617 3158 742 3211 rationes
756 3158 883 3212 internas
903 3173 966 3212 esse
985 3157 1168 3212 advocandas
1181 3159 1236 3212 nisi
1250 3159 1286 3213 ad
1300 3175 1362 3213 rem
1373 3159 1522 3214 confirmari·

429 3245 504 3298 darn.
517 3246 606 3299 Secus
619 3243 641 3296 si
657 3245 713 3312 liat,
722 3261 827 3313 magna
838 3255 1048 3315 consequentur
1060 3247 1099 3300 rei
1109 3246 1232 3300 biblicae
1247 3247 1420 3301 detrimenta
1434 3247 1486 3298 218.
1499 3271 1523 3280 -

431 3333 554 3386 Multum
566 3333 707 3400 Religioni
716 3349 839 3388 nocuere
848 3331 895 3402 qui
906 3331 1090 3402 physicorum
1101 3334 1221 3387 scientia
1233 3333 1431 3402 abusi,sacros
1441 3333 1522 3386 Libros

429 3420 665 3490 impugnaverunt
675 3422 800 3488 218·219.
815 3451 850 3459 -
866 3421 933 3474 lllos
947 3419 1054 3475 refellat
1065 3421 1228 3491 Scripturae
1239 3421 1349 3490 doctor,
1358 3421 1522 3491 physicorum

428 3508 591 3576 cognitione
602 3509 746 3576 praeditus
756 3521 852 3576 219.—
860 3508 946 3561 Nulla
960 3525 1027 3562 vera
1040 3507 1182 3564 dissensio
1192 3525 1257 3563 esse
1270 3519 1365 3579 potest
1376 3509 1522 3575 theologum

428 3595 502 3650 inter
520 3607 548 3650 et
562 3596 711 3664 physicum
727 3595 768 3650 :si
782 3595 923 3650 dissensio
937 3596 1020 3651 luerit
1033 3607 1104 3664 orta,
1117 3597 1247 3651 attendat
1261 3597 1414 3666 theologus
1429 3597 1455 3650 S.
1464 3598 1522 3660 Aug.

428 3685 554 3752 regulam
575 3697 635 3750 219.
650 3714 683 3722 -
697 3685 755 3736 Res
777 3685 806 3736 in
828 3683 975 3754 Scriptura
997 3701 1213 3754 nonnumquam
1237 3685 1440 3740 describunssr
1463 3683 1521 3735 sicut

429 3773 588 3828 communis
602 3774 654 3827 lert
667 3789 761 3826 sermo
775 3787 834 3840 219.
848 3803 881 3812 -
902 3775 968 3828 Non
987 3791 1087 3828 omnes
1103 3775 1219 3829 Patrum
1233 3785 1282 3829 aut
1295 3776 1480 3845 interpretum
1495 3769 1522 3823 de

429 3861 555 3932 physicis
576 3861 735 3914 sententiae
757 3860 881 3916 tuendae
897 3881 904 3927 ;
929 3863 965 3916 de
987 3862 1032 3916 his
1053 3863 1129 3916 enim
1143 3879 1217 3933 quae
1230 3861 1266 3917 de
1280 3862 1453 3917 necessitate
1471 3855 1521 3910 fidei

428 3965 486 4002 non
500 3959 574 4016 sunt,
588 3947 666 4002 licuit
680 3949 794 4003 Sanctis
807 3949 999 4004 diversimode
1013 3951 1123 4019 opinari
1135 3965 1262 4018 ²¹9·²20·
1274 3979 1308 3990 -
1319 3951 1414 4004 Docet
1424 3949 1450 4003 S.
1461 3947 1522 3998 Tho·

429 4049 491 4086 mas
509 4035 673 4101 theologum
687 4033 831 4104 quomodo
845 4051 875 4088 se
888 4046 968 4103 gerat
981 4036 1119 4090 adversus
1133 4035 1320 4107 philosophos
1334 4051 1397 4089 220
1411 4063 1442 4073 -
1457 4027 1521 4084 Nihil

429 4120 497 4174 certi
511 4123 539 4174 in
555 4121 679 4191 physicis
693 4132 832 4191 repugnat
842 4121 1007 4190 Scripturae
1021 4142 1027 4175 :
1042 4123 1093 4178 sed
1104 4123 1207 4177 salsum
1217 4123 1246 4176 in
1257 4123 1292 4176 iis
1300 4139 1352 4192 pro
1363 4131 1441 4177 certo
1450 4131 1522 4185 saepe

430 4205 481 4259 luit
496 4207 631 4262 traditum
645 4223 704 4262 220.
713 4235 748 4246 -
758 4206 938 4278 Philosophis
952 4209 1099 4264 mittantur
1112 4209 1259 4264 refellendi
1275 4207 1457 4278 physicorum
1470 4199 1522 4257 scri·
