3250 4888
275 474 593 557 EPISTOLA
620 476 987 558 ENCYCLICA

235 669 300 729 os
327 668 587 730 comesus
616 667 944 732 cuenrconuu
974 673 1027 732 1u

152 846 312 906 mous
342 846 708 907 omeurnmaus
737 847 1105 910 msrrsusums

106 986 558 999 .............................................

71 1115 286 1190 Qu
307 1121 477 1178 extremas
489 1109 642 1175 Orientis
657 1131 742 1186 oras,
757 1109 996 1174 Lusitanorum
1027 1111 1186 1175 felicitate
1275 1176 1305 1221 ²4

72 1191 99 1415 Ξ
130 1227 207 1386 Α
234 1193 259 1340 Β
282 1217 471 1296 virtuteque
497 1215 701 1296 exploratas,
714 1235 781 1296 quo
808 1226 877 1277 tam
907 1216 1003 1278 multi
1036 1217 1185 1298 quotidie
1243 1223 1335 1264 WNH

348 1319 355 1334 ,
879 1321 886 1335 ,
1088 1323 1094 1336 ,
1252 1276 1324 1338 1893.

235 1343 260 1414 pe
283 1331 435 1403 aspirant
462 1322 504 1383 ad
530 1319 691 1402 opulenta
708 1340 917 1394 commercia,
936 1321 1007 1384 Nos
1038 1323 1186 1404 quidem,

574 1425 580 1437 .
900 1427 907 1439 .
968 1425 976 1442 .
1053 1427 1060 1439 .
1269 1391 1361 1439 Mem

73 1422 262 1498 &awai
284 1445 394 1489 rerum
405 1425 503 1506 longe
516 1444 679 1486 marorum
696 1443 756 1505 spe
773 1436 955 1505 proposita,
968 1445 1034 1488 ram
1052 1427 1130 1490 rnde
1142 1425 1186 1488 ab
1214 1463 1255 1504 Μ,
1264 1456 1351 1506 pom.

75 1535 218 1598 exordio
235 1528 450 1614 pontificatus
468 1539 616 1592 mentem
631 1539 664 1592 et
676 1529 917 1610 cogitationem
931 1530 1132 1612 appulimus.
1143 1567 1187 1578 -
1205 1521 1327 1638 lm?

76 1639 309 1705 Obversantur
340 1635 454 1698 animo
494 1634 736 1714 caritatemque
764 1633 796 1694 in
832 1632 939 1696 Nobis
971 1633 1186 1697 vehementer
1213 1653 1326 1718 Apostolo

76 1743 231 1806 excitant
255 1741 420 1803 immensa
436 1737 492 1800 illa
507 1737 685 1800 indiarum
702 1737 821 1817 spatia,
845 1737 877 1799 in
895 1738 1026 1818 quihus,
1041 1747 1093 1801 tot
1118 1737 1185 1800 iam
1212 1719 1343 1848 w?

76 1844 222 1920 saecula,
238 1841 508 1924 evangelicorum
531 1841 676 1903 virorum
706 1840 850 1904 desudat
867 1840 969 1903 labor.
987 1841 1026 1903 In
1056 1840 1185 1922 primis·
1212 1849 1348 1912 camapud

75 1968 143 2030 que
159 1948 249 2010 beati
266 1947 434 2011 THOMAE
452 1945 640 2008 APOSTOLI
667 1947 758 2008 venit
775 1945 822 2007 'in
856 1955 1012 2021 mentem,
1029 1946 1085 2026 qui
1112 1965 1185 2026 pro·
1213 1915 1362 2043 mmm

77 2050 223 2132 mulgati
242 2051 283 2113 ad
314 2051 418 2114 Indos
452 2049 629 2132 Evangelii
661 2049 730 2112 iure
754 2047 856 2111 fertur
884 2049 1187 2130 auctorzitemque
1213 2045 1352 2160 qima·

80 2153 285 2216 FRANCISCI
302 2151 545 2231 XAVER11,qui
558 2150 660 2232 longo
677 2149 851 2212 intervallo
869 2150 901 2212 in
931 2151 1085 2213 eamdem
1119 2151 1187 2214 lau·
1214 2177 1326 2226 Xavm‘o

86 2228 160 2322 ,hm
177 2257 297 2320 acriter
313 2256 473 2332 incubuit,
486 2257 678 2318 constantia
694 2264 727 2317 et
740 2255 880 2317 caritate
896 2254 1082 2317 incredibili
1099 2274 1187 2318 asse·
1215 2243 1363 2370 {mmm

78 2370 178 2424 cutus
208 2369 243 2423 ut
265 2368 407 2422 centena
429 2359 589 2421 indorum
621 2355 726 2420 millia
742 2358 784 2420 ad
802 2377 918 2420 sanam
937 2357 1131 2439 religionem
1154 2365 1188 2420 et
1215 2375 1343 2437 ipsamque

77 2462 182 2527 fidem
199 2484 220 2527 a
236 2463 523 2526 Brachmanarum
538 2460 660 2525 iabulis
683 2471 785 2542 atque
803 2461 935 2541 impura
951 2461 1188 2544 superstitione
1214 2439 1340 2554 ξξῧὸἒὶ

76 2571 278 2632 traduceret.
297 2567 555 2633 Sanctissimum
572 2567 679 2628 virum
696 2565 888 2646 complures
910 2586 954 2626 ex
979 2573 1121 2648 utroque
1136 2585 1188 2628 or·
1215 2569 1366 2646 rodievqsto
1391 2585 1396 2594 ·

75 2675 158 2738 dine
171 2671 269 2752 Cleri,
286 2673 488 2736 auctoritate
514 2671 683 2752 missuque
709 2669 808 2734 Sedis
825 2669 1054 2752 Apostolicae,
1070 2679 1188 2752 postea
1214 2634 1355 2762 wag„

75 2778 260 2854 subsecuti,
270 2777 453 2840 christiana
469 2795 563 2839 sacra
579 2787 612 2838 et
630 2774 792 2850 instituta,
802 2795 887 2856 quae
899 2773 1050 2837 Thomas
1066 2776 1188 2853 intulit,
1214 2766 1366 2879 2223&

76 2902 167 2964 quae
198 2882 366 2946 Xaverius
394 2881 602 2958 instauravit,
618 2879 702 2942 tueri
735 2899 773 2941 ac
802 2877 985 2960 provehere
1010 2879 1188 2961 diligenter
1213 2897 1367 2945 certaueran-

76 2981 193 3046 conati
210 2992 298 3060 sunt,
314 2982 481 3064 hodieque
498 2979 908 3044 conantur.Nihilominus
924 2987 995 3042 tam
1013 2991 1109 3044 vasto
1125 2990 1188 3045 ter·
1214 2963 1355 3076 mg&

76 3106 191 3151 rarum
217 3069 328 3150 tractu
352 3095 479 3168 quanta
504 3087 553 3148 vis
571 3083 764 3147 mortalium
793 3083 903 3146 adhuc
934 3083 1030 3147 abest
1056 3105 1076 3148 a
1104 3107 1190 3163 vero,
1216 3094 1261 3142 ris.

77 3191 223 3254 miserae
239 3189 486 3273 superstitionis
502 3188 716 3251 circumiecta
729 3187 876 3250 tenebris
891 3187 1067 3268 lquantus,
1084 3189 1190 3252 nomi·

75 3293 189 3356 natim
213 3295 255 3358 ad
283 3294 540 3376 septentriones,
568 3311 648 3373 ager
675 3292 718 3354 ad
745 3291 982 3372 accipiendum
1013 3291 1189 3374 Evangelii

74 3415 207 3473 semen,
220 3398 370 3484 nondum
389 3398 519 3459 ratione
537 3394 605 3458 ulla
618 3393 778 3458 subactus
796 3395 803 3458 l

127 3499 199 3564 Ista
219 3511 413 3585 reputantes
441 3502 567 3577 animo,
597 3500 779 3583 plurimum
813 3499 950 3582 quidem
982 3499 1191 3582 benignitate
1250 3539 1347 3590 Sollici-

76 3603 379 3688 misericordiaque
404 3603 604 3668 conhdimus
623 3603 809 3668 Salvatoris
836 3603 942 3666 nostri
967 3603 1042 3681 Dei,
1058 3604 1115 3686 qui
1132 3625 1192 3688 op·
1217 3607 1317 3654 tudinis

75 3710 307 3792 portunitates
324 3709 604 3791 maturitatesque
621 3707 838 3790 impertiendi
860 3707 996 3770 luminis
1025 3709 1076 3772 sui
1107 3729 1192 3773 unus
1213 3686 1356 3801 mihi.

76 3812 186 3891 novit,
202 3815 326 3898 quique
339 3815 514 3878 hominum
530 3821 658 3875 mentes
675 3811 718 3875 ad
729 3820 857 3874 rectum
875 3811 993 3875 salutis
1009 3813 1072 3876 iter
1082 3813 1189 3878 occul·
1218 3805 1354 3918 itm*

75 3930 118 3982 to
135 3936 236 3981 aurae
258 3917 411 3982 caelestis
428 3915 543 3980 afflatu
561 3914 647 3978 solet
664 3915 855 3998 impellere:
872 3925 907 3978 at
923 3935 1013 3994 vero,
1028 3916 1140 3998 quoad
1158 3917 1191 3980 in
1218 3933 1357 3998 afflatum

77 4022 193 4087 Nobis
206 4031 267 4100 est,
278 4024 359 4088 dare
375 4042 514 4106 operam
531 4020 687 4084 volumus
704 4028 738 4082 et
754 4019 917 4083 debemus
930 4030 967 4083 ut
994 4031 1091 4085 tanta
1115 4042 1192 4103 pars
1218 4005 1370 4114 ssffigf‘

74 4127 174 4193 orbis
184 4126 329 4210 aliquem
343 4125 531 4209 vigiliarum
546 4123 745 4186 Nostrarum
757 4121 879 4186 sentiat
891 4122 1045 4187 fructum.
1060 4161 1103 4175 -
1115 4123 1191 4187 Hoc
1220 4146 1283 4179 num
1294 4144 1350 4177 cau·

75 4231 267 4319 proposito,
283 4250 388 4312 quum
406 4231 573 4292 intentum
592 4226 742 4290 animum
763 4227 963 4290 haberemus
989 4227 1015 4289 si
1047 4247 1114 4309 qua
1143 4248 1191 4294 ra·
1219 4201 1370 4310 {mi

75 4338 177 4402 tione
194 4353 263 4397 rem
277 4333 493 4397 christianam
505 4331 538 4394 in
552 4328 658 4393 lndiis
670 4327 900 4393 Orientalibus
913 4331 1069 4395 ordinare
1081 4333 1193 4414 aptius
1221 4335 1256 4388 ἀ,
