3216 4880
252 313 304 362 AD
331 311 435 361 FIDEI
465 311 664 362 UNITATEM
691 311 947 363 COHORTATIO.
1083 307 1152 379 277

53 463 205 544 coniunge
215 473 345 526 sanctae
355 472 431 525 tuae
452 461 624 525 catlwlicae
643 471 674 524 et
697 462 887 543 apostolicae
911 461 1073 526 Ecclesiae
1089 464 1154 545 (1):
1241 485 1279 552 20?

54 567 99 628 sic
115 568 157 629 ad
183 566 274 630 illam
300 565 525 630 restituamini
549 585 649 628 unam
674 576 894 648 sanctamque
924 565 1035 641 fidem,
1053 587 1153 648 quam
1214 531 1305 646 [1553ss

56 669 170 733 ultima
203 679 353 733 vetustas
387 669 484 732 nobis
520 669 658 750 perinde
694 669 856 750 vobisque
883 670 1155 732 constantissime
1182 697 1268 761 Supra
1283 699 1321 745 df.

55 772 192 836 tradidit
210 793 218 849 ;
249 793 349 854 quam
378 782 489 854 patres
516 793 556 834 ac
589 771 732 835 maiores
764 773 863 835 vestri
896 773 1057 836 inviolate
1090 793 1156 836 ser·
1174 763 1323 892 fitam·

54 883 190 939 varunt:
207 895 307 958 quam
325 877 433 958 ipsam
461 875 640 957 splendore
665 875 836 951 virtutum,
854 875 1088 958 magnitudine
1106 878 1155 938 in·
1182 893 1262 942 verbis
1278 910 1331 943 con·

52 981 150 1062 genii,
166 980 367 1044 excellentia
388 982 561 1044 doctrinae
586 981 739 1044 certatim
764 981 973 1045 illustravere
1001 981 1156 1044 Athana·
1182 958 1271 1008 ΝΜ·

52 1085 128 1160 sius,
145 1083 296 1160 Basilius,
312 1084 492 1166 Gregorius
511 1083 755 1161 Nazianzenus,
787 1085 931 1147 loannes
956 1084 1156 1166 Chrysosto-

52 1208 135 1265 mus,
150 1197 289 1271 uterque
316 1188 471 1271 Cyrillus,
497 1189 618 1271 aliique
643 1188 758 1270 magni
788 1189 988 1271 complures,
1012 1209 1154 1271 quorum

52 1290 156 1372 gloria
172 1292 214 1353 ad
229 1289 403 1354 Orientem
420 1303 521 1375 atque
534 1291 764 1368 Occidentem,
781 1300 955 1374 tamquam
966 1295 1156 1355 communis

51 1395 220 1458 hereditas
235 1414 342 1477 aeque
357 1397 511 1478 pertinet.

94 1497 234 1581 Vosque
250 1497 449 1562 nominatim
466 1499 669 1580 compellare
685 1499 749 1562 hoc
766 1499 840 1562 loco
857 1499 965 1577 liceat,
977 1498 1154 1563 Slavorum
1248 1510 1334 1588 'slavi
1368 1521 1370 1526 ·

49 1613 167 1684 gentes
183 1605 367 1682 universae,
386 1623 526 1687 quarum
554 1603 788 1668 claritudinem
813 1604 958 1666 nominis
976 1605 1083 1668 multa
1107 1625 1155 1667 re·
1181 1591 1299 1690 2?ssssssss

50 1727 121 1770 rum
139 1718 309 1790 gestarum
337 1717 557 1771 monumenta
573 1716 750 1770 testantur.
768 1705 885 1769 Nostis
900 1726 1002 1789 quam
1020 1707 1154 1788 egregie
1175 1707 1315 1770 pellantur,

48 1811 90 1874 de
108 1812 220 1877 Slavis
236 1812 418 1876 meruerint
434 1813 539 1875 sancti
557 1811 589 1873 in
608 1809 674 1874 fide
690 1821 802 1893 patres
816 1810 961 1893 Cyrillus
972 1821 1006 1874 et
1021 1811 1155 1874 Metho-
1182 1772 1332 1886 3¹53qu-

49 1916 133 1994 dius,
149 1935 291 1998 quorum
309 1915 505 1980 memoriam
523 1914 732 1996 Nosmetipsi
756 1915 882 1978 honore
897 1914 1014 1978 debito
1030 1933 1154 1996 angen·
1182 1902 1264 1950 ’Μία
1275 1904 1310 1950 “d

50 2021 128 2084 dam
147 2021 277 2104 aliquot
293 2030 372 2084 ante
394 2022 492 2083 annis
508 2019 707 2084 curavimus.
724 2019 852 2082 Eorum
869 2020 994 2084 virtute
1011 2029 1044 2082 et
1061 2019 1153 2082 labo.
1181 1967 1325 2082 {mmm

49 2119 140 2184 ribus
157 2129 255 2202 parta
269 2120 438 2202 plerisque
453 2139 472 2182 e
488 2139 610 2202 genere
625 2129 737 2182 vestro
754 2119 887 2203 populis
910 2119 1102 2184 humanitas
1120 2129 1154 2183 et
1178 2099 1333 2228 ffl‘ffi

48 2225 148 2290 salus.
166 2223 245 2307 Quo
261 2223 386 2288 sactum
400 2232 435 2288 ut
447 2223 642 2288 Slavoniam
661 2224 747 2286 inter
759 2234 792 2287 et
805 2243 962 2288 romanos
975 2222 1154 2288 Pontifices
1181 2245 1242 2304 vera
1251 2247 1268 2277 a
1276 2239 1332 2293 pro.

47 2328 274 2412 pulcherrima
300 2327 496 2392 vicissitudo
519 2328 598 2392 hinc
620 2326 869 2406 beneficiorum,
886 2328 975 2392 illinc
1000 2327 1153 2392 fidelissi·
1178 2295 1332 2408 {fimf

48 2453 123 2497 mae
140 2433 277 2516 pietatis
296 2433 353 2496 diu
381 2432 540 2496 extiterit.
566 2431 667 2515 Quod
684 2433 710 2495 si
729 2434 870 2496 maiores
887 2443 1015 2498 vestros
1032 2435 1155 2498 misera
1182 2426 1256 2490 ²⁶1⁰ss-

45 2550 240 2622 temporum
251 2537 425 2601 calamitas
442 2558 601 2620 magnam
619 2549 749 2620 partem
763 2538 1002 2620 aprolessione
1015 2559 1156 2603 romana

44 2643 216 2718 alienavit,
231 2641 442 2706 considerate
462 2644 578 2723 quanti
595 2643 637 2706 sit
663 2642 770 2706 redire
797 2643 840 2706 ad
873 2643 1046 2706 unitatem.
1080 2643 1153 2706 Vos

44 2766 184 2830 quoque
211 2745 363 2810 Ec‘clesia
395 2747 503 2828 pergit
534 2747 576 2809 ad
609 2766 705 2810 suum
734 2767 890 2810 revocare
925 2748 1154 2828 complexum,

43 2851 176 2927 salutis,
202 2849 442 2931 prosperitatis,
465 2848 706 2930 magnitudinis
734 2849 935 2930 praesidium
970 2847 1149 2931 multiplex

43 2955 251 3037 praebitura.

88 3058 243 3123 Caritate
263 3076 331 3120 non
348 3057 477 3120 minore
492 3056 535 3119 ad
552 3055 694 3138 populos
711 3056 916 3136 respicimus,
932 3075 1025 3138 quos,
1042 3077 1153 3119 recen·
1242 3093 1335 3156 pm&-

42 3166 130 3226 tiore
147 3164 320 3239 memoria,
339 3160 474 3224 insolita
490 3161 657 3242 quaedam
675 3179 784 3222 rerum
802 3169 1059 3241 temporumque
1075 3180 1154 3223 con·
1181 3159 1332 3274 mileum

41 3269 155 3331 versio
172 3266 217 3330 ab
232 3265 384 3328 Ecclesia
401 3283 539 3327 romana
556 3263 713 3326 seiunxit.
731 3263 842 3326 Variis
858 3273 1056 3326 exactorum
1069 3273 1154 3327 tem·
1181 3297 1287 3353 vespm

40 3391 168 3456 porum
184 3370 316 3435 casibus
328 3369 495 3433 oblivione
505 3369 660 3446 dimissis,
672 3369 912 3450 cogitationem
926 3389 1026 3451 supra
1036 3369 1154 3434 huma·
1181 3356 1320 3484 {jsm'qe

39 3501 84 3542 na
125 3475 244 3542 omnia
281 3473 420 3556 erigant,
449 3474 631 3556 animoque
660 3475 811 3537 veritatis
843 3485 876 3535 et
911 3472 1027 3536 salutis
1058 3475 1156 3537 unice
1181 3501 1316 3560 venener-

39 3581 180 3666 cupido,
205 3587 360 3660 reputent
376 3577 466 3658 apud
483 3597 519 3639 se
535 3577 752 3640 constitutam
769 3597 789 3638 a
805 3574 940 3640 Christo
957 3575 1155 3640 Ecclesiam.
1182 3558 1307 3664 {⁰¹:2ss2

40 3687 205 3770 Quacum
221 3683 248 3745 si
264 3680 369 3744 velint
384 3681 662 3764 congregationes
678 3679 828 3742 conferre
843 3699 931 3757 suas,
946 3690 980 3743 et
995 3699 1064 3761 quo
1080 3681 1155 3764 loco
1179 3683 1333 3757 territum

38 3793 71 3854 in
90 3789 162 3852 illis
179 3785 296 3868 religio
311 3785 354 3849 sit
370 3785 556 3862 aestimare,
572 3783 669 3848 iacile
685 3784 824 3862 dabunt,
839 3801 874 3846 se
890 3783 1026 3865 quidem
1042 3785 1156 3848 multis
1174 3745 1296 3870 mss*

39 3890 275 3972 maximisque
292 3891 325 3953 in
341 3891 449 3967 rebus,
464 3890 723 3972 primordiorum
740 3887 873 3965 oblitos,
888 3889 932 3952 ad
950 3907 1037 3953 nova
1047 3901 1156 3952 errore

37 3996 136 4061 vario
166 3992 350 4058 defluxisse
366 4014 373 4072 ;
389 4013 497 4076 neque
512 3991 752 4069 diffitebantur,
769 4013 813 4054 ex
830 4013 871 4056 eo
886 3991 978 4056 velut
995 3993 1155 4074 patrimo·

36 4103 96 4162 nio
113 4097 280 4173 veritatis,
296 4099 386 4179 quod
405 4117 567 4160 novarum
586 4116 693 4160 rerum
710 4106 864 4158 auctores
877 4117 989 4160 secum
1002 4098 1035 4160 in
1049 4119 1157 4161 seces-

71 4246 93 4276 a.
108 4225 183 4284 Τοὺς
196 4223 420 4316 ἐσκορπισμένους
432 4221 616 4294 ἐπισυνάγαγε,
628 4221 691 4282 τοὺς
701 4222 923 4290 πεπλανημένους
939 4221 1099 4297 ἑπονάγαγε,
1113 4229 1158 4280 καὶ

39 4301 166 4370 σύναψον
179 4304 213 4371 τῇ
225 4297 287 4370 &pq
299 4317 347 4351 σον
360 4293 496 4370 andeliae]
508 4298 554 4350 καὶ
566 4296 731 4370 induniaci,
744 4296 887 4368 Ἐκκλησίᾳ
900 4301 947 4358 (lb.
955 4301 968 4358 l.
