3250 4888
389 303 459 376 150
512 299 694 352 semrom
715 287 735 314 ‘¹
756 295 1078 348 1nn1vlsnnenro
1096 295 1137 344 n1
1157 294 1331 345 sancum.
1353 271 1372 298 ’¹

251 467 360 532 gravior
384 453 530 535 singular
546 449 729 532 privilegio,
746 448 777 511 31
793 457 909 512 centro
924 446 1000 510 deli’
1012 445 1115 522 uniti,
1128 455 1221 510 sente
1234 447 1291 528 piir
1306 448 1499 516 vivamente

204 536 358 650 ‘'mssssuuit
384 555 451 619 lese
467 573 525 636 per
541 552 653 636 quella
680 552 753 634 lege
780 550 811 615 le
836 569 895 614 sue
911 551 968 631 pin
996 569 1090 613 sacre
1115 548 1328 612 convinzioni
1351 547 1421 611 313
1436 567 1497 610 sua

205 665 306 744 qufdem
318 665 359 712 lex
384 658 466 722 fede.
485 656 588 721 Nulla
602 657 701 738 giova
719 655 740 717 il
757 654 898 736 ripetere
915 653 977 716 che
989 653 1021 715 lo
1032 651 1131 718 Stato
1144 652 1246 716 iascia
1262 651 1318 734 poi
1331 651 1366 716 la
1378 649 1502 715 liberta

205 731 359 846 mm.
383 761 531 826 diunirsi
547 761 580 823 in
598 759 815 824 matrimonio
830 756 938 820 anche
961 756 1096 819 innanzi
1119 755 1186 819 3113
1201 753 1323 821 Chiesa
1343 773 1352 834 3
1379 755 1501 836 poiche

206 863 357 976 “mwffi
383 866 411 929 si
428 863 631 930 lascierebbe
647 882 709 926 con
725 859 778 924 cio
794 861 916 944 uguale
933 859 1052 923 liberta
1068 860 1103 923 di
1120 879 1187 922 non
1205 858 1407 940 presentarsi
1432 858 1502 922 alla

207 991 357 1040 niunzeccle-
385 971 516 1046 Chiesa,
531 967 776 1044 introducendo
792 986 851 1048 per
867 965 921 1028 via
943 965 977 1027 di
995 963 1079 1028 fatto
1095 963 1255 1026 l’erronea
1271 962 1500 1044 persuasione,

228 1059 358 1170 ⁸²³³²²J²⁴2f
384 1073 446 1138 che
476 1072 528 1137 col
554 1071 626 1135 solo
654 1071 718 1134 rito
745 1071 840 1134 civile
868 1070 895 1132 si
921 1069 998 1133 viva
1025 1069 1057 1131 in
1086 1067 1255 1150 legittimo
1273 1067 1500 1144 matrimonio,

233 1129 292 1186 supe
298 1122 328 1187 st

222 1187 356 1264 umhabqr·
385 1189 515 1244 mentre
530 1178 645 1240 invero
662 1196 728 1240 non
746 1176 773 1240 si
790 1175 833 1239 ha
849 1175 911 1238 che
929 1194 971 1237 un
988 1173 1215 1237 concubinato
1231 1174 1501 1240 abbominevole.

207 1253 360 1382 ffgjp'cffi}
386 1279 567 1358 Sennache,
576 1301 612 1344 se
628 1281 684 1363 poi
701 1281 733 1344 13
746 1279 876 1356 Chiesa,
901 1299 960 1360 per
982 1278 1084 1360 giusti
1113 1277 1241 1356 motivi‚
1269 1299 1336 1341 non
1364 1289 1502 1361 potesse

246 1385 361 1498 ἐξὲξ
386 1388 611 1470 congiungere
626 1389 659 1449 in
689 1385 903 1450 matrimonio
920 1383 1022 1466 quelli
1046 1383 1107 1446 che
1135 1381 1192 1464 gii
1206 1403 1291 1446 sono
1306 1385 1504 1475 civiimente

223 1514 363 1578 impeditur
387 1489 498 1572 legati,
511 1491 689 1554 sarebbero
713 1489 777 1552 essi
793 1489 944 1552 costretti
962 1489 1003 1551 ad
1022 1508 1066 1551 un
1083 1487 1229 1551 celibato
1246 1487 1299 1570 pei
1316 1488 1416 1570 quale
1433 1507 1502 1550 non

209 1581 359 1709 mimi!
387 1595 501 1659 hanno
517 1593 559 1658 ne
575 1592 712 1657 voionta
728 1592 770 1657 ne
786 1595 975 1668 vocazione,
991 1601 1152 1656 ovvero'a
1178 1593 1344 1656 condurre
1372 1593 1404 1656 13
1432 1593 1506 1657 vita

208 1727 268 1760 rum
288 1711 359 1774 pm·-
387 1699 420 1760 in
437 1718 504 1761 una
522 1698 646 1762 illecita
663 1718 681 1760 e
698 1697 900 1760 scandalosa
916 1696 1050 1758 unione.

208 1777 309 1905 eug&
319 1843 361 1890 lex
432 1797 485 1862 Ne
501 1797 557 1882 gia
571 1799 598 1862 si
616 1820 675 1862 usa
692 1799 842 1862 violenza
858 1797 923 1861 3113
939 1797 1012 1861 sola
1029 1796 1148 1862 liberta
1163 1799 1218 1862 dei
1235 1799 1434 1876 contraenti,
1446 1819 1503 1862 ma

210 1907 257 1955 illa
289 1914 360 1983 restes
387 1923 407 1966 3
422 1903 533 1984 quella
550 1922 630 1985 pure
646 1905 700 1967 dei
716 1903 889 1967 testimoni
904 1923 912 1980 ;
929 1911 1078 1986 equesta
1105 1901 1291 1966 110131133ὸ
1319 1912 1417 1968 tanto
1442 1903 1502 1984 pin

208 1973 364 2086 “iiim
387 2010 512 2086 odiosa,
524 2011 556 2072 in
568 2021 697 2092 quanto
709 2010 771 2072 che
787 2010 831 2073 da
847 2007 1029 2072 confidenti
1042 2009 1083 2071 ed
1094 2010 1203 2086 amici,
1220 2009 1310 2092 quali
1322 2009 1505 2074 sarebbero

223 2103 362 2216 Wff‘jij
388 2114 482 2177 scelti
499 2115 532 2176 in
549 2114 616 2176 casi
627 2114 662 2176 di
679 2112 853 2192 necessita,
869 2114 896 2176 si
914 2113 1075 2176 vorrebbe
1091 2113 1282 2176 convertirli
1294 2112 1327 2174 in
1338 2113 1504 2176 vilidela-

229 2184 362 2310 sacriora}
388 2217 451 2280 tori
465 2237 484 2278 a
496 2217 701 2281 tradimento
717 2217 792 2281 dell’
803 2218 965 2282 amicizia.
977 2215 1119 2282 Somma
1133 2215 1328 2278 finalmente
1341 2215 1503 2281 sarrebbe

211 2313 361 2412 ,mnss'a‘
389 2322 432 2383 da
449 2316 604 2402 riputarsi
622 2321 653 2383 13
669 2321 813 2384 tirannia
829 2322 1005 2385 esercitata
1022 2329 1140 2382 contro
1156 2320 1166 2382 i
1185 2318 1331 2383 Ministri
1347 2318 1402 2382 del
1414 2319 1503 2384 San·

211 2427 361 2477 13113333-
390 2425 506 2504 mario,
523 2445 590 2488 non
603 2445 663 2507 per
678 2424 764 2488 altro
780 2425 901 2488 vessati
928 2445 946 2486 e
972 2424 1080 2506 puniti
1097 2423 1159 2486 che
1175 2443 1235 2504 per
1258 2443 1336 2486 aver
1352 2433 1504 2505 prestato

211 2495 362 2623 5212}ssss
389 2527 411 2592 11
431 2529 503 2593 loro
519 2529 691 2592 ministero
706 2529 749 2592 ad
767 2549 810 2592 un
828 2537 900 2592 atto
923 2527 956 2590 di
973 2527 1122 2590 assoluta
1146 2525 1340 2618 pertinenza
1357 2526 1505 2591 dell'au-

212 2625 253 2672 nn
265 2623 349 2690 efficit.
389 2633 491 2699 torita
506 2633 739 2711 ecclesiastica,
755 2655 773 2697 e
797 2655 855 2716 per
872 2633 987 2696 motivi
1005 2633 1189 2696 sacrosanti
1205 2631 1240 2693 di
1258 2629 1415 2695 moralitri
1430 2651 1449 2695 e
1466 2633 1502 2695 di

390 2747 504 2801 eterna
519 2739 669 2801 salvezza
684 2737 772 2800 delle
799 2737 929 2799 anime:
949 2757 1007 2818 per
1033 2755 1131 2800 avere
1155 2734 1226 2799 cioe
1242 2737 1336 2818 agito
1352 2737 1503 2800 secondo

391 2841 423 2905 13
438 2843 609 2905 coscienza
625 2861 643 2904 e
660 2841 681 2903 il
692 2843 822 2905 dovere.
835 2841 864 2904 E
876 2841 970 2923 quasi
985 2839 1073 2904 fosse
1089 2861 1175 2921 poca
1187 2838 1292 2903 offesa
1304 2840 1370 2904 3113
1381 2840 1504 2905 liberta

213 2993 363 3042 Dummul-
390 2963 532 3007 comune
558 2944 670 3026 quella
699 2945 761 3008 che
792 2965 891 3008 nasce
918 2943 1008 3006 dalle
1035 2944 1259 3008 determinate
1286 2945 1504 3025 prescrizioni

212 3057 348 3107 rumhodis
389 3045 478 3111 della
493 3048 598 3130 legge‚
615 3048 642 3109 si
658 3047 756 3110 vuole
772 3047 974 3110 accrescerla
989 3047 1076 3111 colla
1092 3047 1244 3110 inaudita
1257 3046 1401 3111 severit&
1412 3049 1504 3113 delle

212 3123 342 3237 gome
389 3171 475 3234 pene
505 3145 729 3214 comminate:
760 3149 903 3214 severita
929 3150 991 3214 che
1015 3149 1205 3230 appalesasi
1234 3149 1425 3231 partigiana
1456 3151 1501 3214 ed

213 3255 360 3328 renitatur,
388 3254 495 3331 ostile,
522 3255 657 3335 quando
684 3253 711 3316 si
739 3254 879 3317 esercita
906 3253 950 3316 da
976 3272 1044 3315 uno
1062 3251 1161 3316 Stato
1186 3251 1248 3314 che
1264 3253 1428 3333 pretende
1444 3255 1500 3316 nei

208 3319 361 3434 fimf
389 3368 478 3423 resto
493 3356 581 3422 della
598 3377 657 3421 sua
673 3357 887 3438 legislazione
900 3357 1072 3420 mostrarsi
1086 3355 1269 3418 informato
1280 3355 1346 3418 3113
1360 3357 1502 3420 mitezza

212 3451 364 3566 mssjm
389 3463 443 3526 dei
460 3461 602 3526 costumi
618 3460 701 3524 edei
715 3462 828 3542 tempi.
845 3460 932 3524 Esso
955 3471 1109 3543 appunto
1125 3459 1186 3522 che
1204 3459 1374 3523 abboiisce
1401 3481 1424 3524 0
1440 3461 1503 3524 mi-

322 3553 327 3566 '
391 3567 462 3648 tiga
477 3567 499 3629 il
515 3567 645 3647 castigo
660 3566 788 3629 dovuto
804 3586 824 3627 a
839 3564 1028 3646 gravissimi
1044 3562 1163 3637 delini,
1180 3565 1207 3626 si
1234 3563 1348 3626 avvisa
1365 3564 1501 3630 intanto

390 3670 424 3732 di
436 3689 600 3752 aggravat
614 3667 647 3732 13
663 3687 764 3732 mano
786 3666 973 3730 solamente
990 3686 1048 3748 per
1074 3667 1265 3747 opprimere
1289 3665 1416 3730 ifedeli
1441 3687 1462 3731 e
1493 3671 1501 3730 i

389 3771 563 3846 sacerdoti,
579 3771 588 3832 i
604 3771 695 3852 quali
711 3767 884 3851 seguendo
900 3770 932 3831 13
947 3789 1028 3832 voce
1044 3767 1132 3832 della
1161 3769 1293 3852 propria
1316 3761 1503 3850 coscienza,

389 3875 609 3938 ubbidiscono
621 3895 641 3936 a
654 3872 755 3939 GESU
774 3872 913 3938 CRISTO
929 3873 970 3935 ed
988 3873 1053 3936 3113
1064 3893 1126 3935 sua
1140 3871 1272 3938 Chiesa.
1286 3873 1315 3936 E
1327 3883 1457 3955 quanto
1469 3880 1502 3940 ai

388 3980 562 4061 parrocia
579 3998 724 4042 nessuno
751 3975 818 4060 pub
842 3977 990 4060 sfuggire
1017 3977 1196 4042 l'aiiettata
1220 3978 1404 4060 ignoranza
1430 4003 1453 4044 o
1469 3982 1502 4046 13

387 4082 636 4146 contradizione
652 4081 706 4145 dei
722 4080 905 4163 legislatori
922 4103 929 4160 ;
950 4079 1011 4144 che
1040 4091 1169 4144 mentre
1197 4080 1298 4144 fanno
1316 4081 1346 4144 le
1364 4084 1451 4147 viste
1467 4085 1503 4148 di

389 4188 598 4268 compatirne
608 4187 641 4250 13
657 4185 805 4269 poverta
818 4205 836 4248 e
852 4185 967 4250 danno
979 4207 999 4248 3
1012 4185 1220 4249 intravedere
1230 4187 1504 4268 provvedimenti

389 4289 506 4354 diretti
522 4310 542 4352 a
560 4289 775 4371 migliorarne
791 4289 824 4353 la
839 4287 1048 4365 condizione,
1063 4287 1259 4352 deliberano
1275 4288 1331 4370 poi
1342 4290 1377 4353 di
1394 4301 1507 4358 sotto·
