3216 4880
464 311 585 360 INDEX
613 311 865 366 ANALl'TICUS.
1151 314 1217 384 341

115 466 267 534 Belgarum
278 481 358 534 gens,
368 463 514 533 Episcopi,
523 472 551 517 et
567 463 609 516 lli.
619 463 656 516 D.
671 461 795 518 Mercier
807 465 961 518 laudantur
972 466 1009 520 de
1018 467 1136 520 condito
1146 467 1225 520 insti·

115 563 177 608 tuto
190 553 298 622 optime
310 550 403 606 meriti
414 565 429 604 2
432 564 495 619 37·2
499 550 538 619 38.
550 579 585 588 -
596 551 687 604 Recte
696 551 722 603 in
733 568 808 605 nova
819 553 917 607 schola
927 554 1133 624 praescriptum
1145 563 1226 608 estut

115 641 144 695 S.
167 640 221 695 Th.
244 639 375 694 doctrina
395 637 424 691 in
443 647 553 691 ceteras
573 636 661 690 etiarn
685 637 783 692 influat
802 638 978 708 disciplinas,
992 640 1083 694 auctis
1102 640 1130 692 in
1149 640 1226 696 hunc

114 727 385 796 finemmagisteriis
400 725 458 793 238.
472 755 504 764 -
521 725 691 796 Opportune
704 725 895 781 Seminarium
912 728 1045 789 iustituto
1058 728 1109 782 fuit
1126 728 1226 798 adjun-

116 828 193 872 ctum
207 817 266 884 238.
280 845 312 853 —
329 815 490 868 Consulens
503 813 639 884 praeclari
662 813 757 882 operis
779 815 965 882 incremento,
978 816 1077 870 statuit
1096 816 1226 872 Pontifex

118 903 244 958 iustituti
255 921 320 958 curn
332 901 526 957 Universitate
535 899 676 955 rationem
690 902 771 969 238·2
775 915 816 970 39.
832 931 864 941 -
875 903 1007 972 Magistri
1021 903 1144 959 lnstituti
1159 920 1226 958 suos

114 991 202 1044 etiam
215 1006 344 1044 seorsum
357 999 456 1044 coetus
468 989 593 1042 habeant
607 1002 666 1056 239.
680 1018 715 1027 -
726 989 900 1043 Conceditur
908 1000 1036 1060 potestas
1046 993 1178 1047 alumnos
1188 992 1225 1046 ad

117 1078 316 1148 philosophiae
328 1077 434 1146 gradus
446 1076 632 1146 promovendi
647 1090 708 1145 239.
717 1106 751 1116 -
763 1077 854 1146 Leges
865 1078 992 1133 Instituti
1003 1095 1021 1132 a
1031 1080 1059 1132 S.
1072 1079 1147 1133 Sede
1160 1090 1226 1134 sunt

116 1167 331 1222 confirmandae
354 1180 415 1234 239.
436 1193 470 1203 -
492 1165 683 1218 Commendat
699 1165 830 1219 Pontifex
851 1166 1034 1220 concordiam
1054 1169 1225 1222 servandam

120 1254 345 1310 Universitatem
359 1253 432 1307 inter
444 1261 473 1308 et
488 1253 671 1318 Institutum;
688 1252 724 1306 de
743 1252 827 1322 hujus
841 1270 907 1308 vero
927 1247 1116 1324 prosperitate
1136 1257 1226 1310 multa

112 1353 274 1412 auguratur.
290 1341 439 1396 Benedicit
458 1353 583 1408 239·240.

148 1471 201 1521 45.
217 1468 426 1518 EPISTOLA
437 1468 479 1516 ad
489 1467 663 1529 Georgium
675 1465 882 1529 dei-lersitng
901 1467 942 1515 de
964 1469 1138 1530 principiis

114 1561 147 1609 in
166 1559 350 1608 christiana
367 1560 437 1606 arte
456 1555 638 1606 servandis.
659 1555 747 1604 -12
766 1555 1032 1607 Marti11894....
1071 1569 1136 1622 pag.
1174 1569 1223 1620 241

156 1669 356 1738 Opportunam
378 1665 456 1720 ducit
478 1664 609 1719 Pontifex
628 1655 753 1719 erectam
775 1665 943 1720 societatem
961 1666 1031 1720 artis
1045 1665 1225 1733 christianae,

116 1773 181 1809 cum
203 1771 290 1823 saepe
303 1753 493 1823 depraventur
505 1753 631 1824 optimae
644 1762 720 1807 artes
736 1752 774 1806 ab
786 1751 831 1806 his
848 1752 896 1822 qui
909 1763 1040 1808 naturam
1053 1753 1142 1806 nimia
1160 1771 1226 1808 cum

113 1840 229 1894 licentia
242 1838 389 1894 imitantur
401 1853 461 1905 241.
475 1867 510 1878 -
522 1839 584 1892 Arti
632 1849 710 1892 utem
729 1837 902 1893 christianae
921 1855 1025 1894 munus
1038 1849 1081 1894 est
1094 1839 1226 1894 famulari

116 1929 181 1983 Deo
198 1929 284 1984 :ideo
297 1918 334 1982 ad
345 1929 451 1982 bonum
462 1855 712 1982 hominesfflciat
724 1937 837 1997 oportet
860 1927 932 1982 sicut
953 1945 999 1981 ars
1019 1929 1136 1997 antiqua
1155 1929 1227 1982 chri·

111 2017 206 2072 stiana
218 2031 320 2084 241.-
329 2018 423 2084 Quem
436 2015 522 2070 finem
535 2015 559 2068 si
572 2025 648 2069 artes
661 2024 876 2084 prosequantur,
886 2014 915 2068 in
928 2015 1055 2084 ipsarum
1069 2015 1227 2070 incremen-

114 2118 174 2162 tum
189 2105 218 2160 id
231 2105 314 2160 cedet
328 2118 434 2169 241.—
446 2103 533 2158 Tales
545 2119 610 2156 curn
624 2101 680 2156 sint
694 2103 841 2176 doctrinae
854 2103 1057 2172 praelaudatae
1070 2105 1225 2174 societatis,

113 2213 178 2250 earn
205 2193 335 2263 religioni
357 2209 391 2247 ac
411 2191 519 2246 artibus
538 2191 716 2260 profuturam
736 2190 854 2245 confidit
875 2191 1014 2259 Pontifex,
1032 2201 1062 2246 et
1081 2191 1225 2247 benedicit

109 2299 237 2351 241-242.

147 2405 203 2456 46.
225 2403 434 2454 EPISTOLA
467 2401 712 2452 ENCYCLICA
734 2402 777 2451 ad
798 2401 976 2465 Episcopos
997 2402 1137 2452 Polonos

113 2496 154 2545 de
166 2495 266 2545 rebus
278 2492 505 2542 ecclesiasticis
518 2491 683 2542 Poionlae.
699 2513 734 2523 -
747 2489 784 2540 19
798 2491 914 2541 Martii
928 2489 1010 2540 1894
1032 2524 1135 2541 ......

1070 2592 1134 2644 Pssg·
1172 2589 1225 2642 243

151 2698 268 2768 Jamdiu
282 2698 427 2767 exoptavit
440 2695 569 2750 Pontifex
582 2697 635 2750 has
649 2697 719 2750 dare
732 2695 839 2750 litteras
852 2695 881 2749 in
890 2694 1084 2750 testimonium
1097 2695 1226 2752 caritatis

115 2803 183 2856 erga
198 2787 337 2839 Polonam
351 2795 465 2854 gentem
479 2801 565 2854 quam
587 2785 625 2838 ob
645 2784 802 2838 debellatos
823 2783 969 2838 christiani
989 2783 1114 2838 nominis
1127 2784 1225 2838 hostes

118 2874 298 2944 fideliterque
311 2874 483 2927 custoditam
501 2873 671 2926 catholicam
686 2873 788 2926 Fidem
801 2887 914 2926 summa
927 2873 1011 2927 laude
1023 2874 1149 2928 celebrat
1163 2887 1224 2942 243.

112 2988 149 2998 -
162 2961 291 3014 intendit
303 2959 491 3015 hiscelitteris
500 2977 582 3014 suam
592 2961 620 3013 in
631 2960 756 3014 Polonos
768 2959 991 3014 sollicitudinem
1003 2961 1128 3031 apertius
1139 2972 1225 3016 testa·

114 3051 147 3118 ri,
160 3051 281 3121 illosque
291 3053 424 3106 roborare
435 3052 463 3104 in
477 3049 636 3104 catholicae
649 3049 834 3119 professionis
847 3049 948 3103 officiis
961 3064 1088 3118 243·244.
1101 3079 1136 3088 -
1150 3051 1224 3104 Con·

112 3149 195 3194 sueta
209 3139 419 3209 Episcoporum
433 3138 559 3193 sollertia
572 3155 653 3208 spem
665 3147 750 3210 anget
763 3137 865 3191 uberes
878 3153 912 3190 ex
925 3137 970 3190 his
983 3139 1098 3192 monitis
1117 3138 1224 3192 fructus

113 3227 290 3296 percipiendi
313 3241 373 3292 244.
395 3253 431 3264 -
455 3227 466 3279 l
487 3228 557 3280 Pars
576 3227 612 3280 ad
632 3221 795 3279 'universam
814 3235 930 3294 gentem
952 3226 1091 3279 Polonam
1105 3235 1223 3295 spectat.

116 3321 142 3365 ιο
155 3315 269 3370 Monita
282 3315 318 3368 de
332 3315 470 3369 societate
482 3314 607 3384 politica.
623 3315 760 3369 Omnium
779 3315 982 3369 beneficiorum
1006 3315 1160 3368 maximum
1181 3325 1224 3369 est

115 3402 222 3458 Christi
242 3403 351 3473 religio,
369 3401 534 3456 felicitatem
547 3403 706 3471 praesentis
725 3404 800 3456 vitae
812 3415 841 3458 et
853 3403 964 3457 futurae
978 3405 1061 3456 simul
1074 3403 1225 3458 conserens

110 3505 171 3558 244.
183 3521 217 3531 -
231 3493 326 3546 Tanto
339 3490 479 3546 beneficio
492 3501 589 3559 gratas
602 3507 633 3544 se
645 3501 747 3559 gentes
759 3490 912 3546 exhibeant
927 3490 1093 3560 religionem
1103 3491 1225 3546 colendo
1286 3505 1294 3516 ·

110 3601 146 3636 ea
155 3583 274 3654 quidem
288 3581 400 3636 ratione
413 3597 499 3651 quam
513 3580 574 3648 ipse
585 3581 665 3634 Deus
675 3579 804 3634 definivit
817 3595 878 3646 244.
891 3610 926 3619 -
940 3580 988 3635 Sic
1001 3596 1033 3634 se
1041 3580 1141 3634 Poloni
1152 3579 1224 3650 jam·

111 3671 221 3725 dudum
234 3680 393 3740 gesserunt,
407 3668 531 3722 maximo
544 3683 613 3722 suae
626 3667 719 3736 gentis
739 3669 933 3723 emolumento
955 3682 1015 3734 244.
1040 3698 1075 3708 -
1101 3669 1225 3722 Multum

110 3761 229 3815 interest
238 3758 366 3829 gentiunt
377 3767 407 3811 ut
416 3755 549 3810 Ecclesia
556 3757 649 3824 legem
657 3755 809 3824 Evangelii
818 3755 887 3825 ipsis
897 3755 1019 3810 inculcet
1027 3771 1062 3820 24
1066 3769 1125 3824 5.-
1136 3756 1224 3810 Suam

114 3850 314 3904 auctoritatem
337 3843 468 3900 Ecclesia
490 3855 570 3898 extra
590 3842 695 3897 limites
712 3845 786 3898 adeo
806 3860 864 3897 non
883 3843 1018 3911 extendit,
1037 3853 1067 3897 ut
1080 3842 1175 3912 potius
1188 3844 1225 3898 de

107 3941 172 4009 jure
191 3955 244 3994 suo
264 3953 351 4006 saepe
373 3935 507 3990 remittat.
529 3935 638 4004 iniuste
659 3949 728 4002 ergo
753 3933 822 3987 talia
845 3933 1055 3988 calumniantur
1077 3933 1227 3989 Ecclesiae

111 4027 209 4082 hostes
223 4039 274 4095 245
293 4045 345 4079 :-
358 4041 412 4078 nec
426 4023 443 4077 ii
457 4023 553 4078 minus
566 4021 794 4093 reprehendendi
807 4020 855 4092 qui
875 4021 967 4091 ipsam
985 4021 1063 4092 apud
1081 4021 1225 4091 principes

113 4115 141 4168 in
153 4115 346 4186 suspicionem
359 4123 472 4168 vocant.
493 4112 625 4168 Consulit
637 4113 715 4167 enim
728 4110 859 4166 Ecclesia
872 4111 1059 4181 principibus,
1071 4111 1139 4164 boni
1152 4109 1225 4179 regi-

113 4201 200 4258 minis
213 4204 291 4272 leges
299 4203 341 4257 eis
351 4201 522 4257 inculcando
534 4221 541 4265 ;
554 4201 677 4256 consulit
690 4200 822 4269 subditis,
832 4217 881 4255 eos
889 4200 1021 4255 docendo
1033 4197 1224 4255 reverentiam

112 4302 140 4346 et
153 4292 240 4348 fidem
254 4289 428 4362 principibus
441 4291 567 4346 debitam
582 4289 708 4358 aas-246.
722 4318 757 4329 -
771 4291 867 4344 Floret
880 4289 980 4344 civitas
1003 4289 1040 4343 ad
1063 4287 1223 4343 doctrinam
