<?xml version="1.0" encoding="UTF-8"?>
<!DOCTYPE html PUBLIC "-//W3C//DTD XHTML 1.0 Transitional//EN"
    "http://www.w3.org/TR/xhtml1/DTD/xhtml1-transitional.dtd">
<html xmlns="http://www.w3.org/1999/xhtml" xml:lang="en" lang="en">
 <head>
  <title>
</title>
<meta http-equiv="Content-Type" content="text/html;charset=utf-8" />
  <meta name='ocr-system' content='tesseract 3.04.00' />
  <meta name='ocr-capabilities' content='ocr_page ocr_carea ocr_par ocr_line ocrx_word'/>
</head>
<body>
  <div class='ocr_page' id='page_1' title='image "./sanctissimidomi01xiiigoog_0030.png"; bbox 0 0 3296 4886; ppageno 0'>
   <div class='ocr_carea' id='block_1_1' title="bbox 263 831 1163 898">
    <p class='ocr_par' dir='ltr' id='par_1_1' title="bbox 169 786 1235 923">
     <span class='ocr_line' id='line_1_1' title="bbox 263 831 1163 898; baseline -0.003 -5.265"><span class='ocrx_word' id='word_1_1' title='bbox 263 833 330 892; x_wconf 80' lang='lat' dir='ltr'>nn</span> <span class='ocrx_word' id='word_1_2' title='bbox 362 831 887 898; x_wconf 74' lang='lat' dir='ltr'>Pannonrnnrromnus</span> <span class='ocrx_word' id='word_1_3' title='bbox 915 831 1163 894; x_wconf 68' lang='lat' dir='ltr'>murreum</span> 
     </span>
    </p>
   </div>
   <div class='ocr_carea' id='block_1_2' title="bbox 1223 383 1228 1072">
    <p class='ocr_par' dir='ltr' id='par_1_2' title="bbox 1223 383 1228 1072">
     <span class='ocr_line' id='line_1_2' title="bbox 1223 383 1228 1072; baseline 0 0"><span class='ocrx_word' id='word_1_4' title='bbox 1223 383 1228 1072; x_wconf 95' lang='lat' dir='ltr'> </span> 
     </span>
    </p>
   </div>
   <div class='ocr_carea' id='block_1_3' title="bbox 456 1017 978 1088">
    <p class='ocr_par' dir='ltr' id='par_1_3' title="bbox 456 1017 978 1088">
     <span class='ocr_line' id='line_1_3' title="bbox 456 1017 978 1088; baseline -0.002 -8"><span class='ocrx_word' id='word_1_5' title='bbox 456 1017 670 1088; x_wconf 78' lang='lat' dir='ltr'>GALLIAE</span> <span class='ocrx_word' id='word_1_6' title='bbox 695 1017 760 1078; x_wconf 81' lang='lat' dir='ltr'>AD</span> <span class='ocrx_word' id='word_1_7' title='bbox 789 1018 978 1079; x_wconf 85' lang='lat' dir='ltr'>URBEM.</span> 
     </span>
    </p>
   </div>
   <div class='ocr_carea' id='block_1_4' title="bbox 154 1290 1444 1699">
    <p class='ocr_par' dir='ltr' id='par_1_4' title="bbox 154 1290 1444 1699">
     <span class='ocr_line' id='line_1_4' title="bbox 346 1290 1397 1416; baseline -0.001 -44"><span class='ocrx_word' id='word_1_8' title='bbox 346 1323 371 1372; x_wconf 82' lang='lat' dir='ltr'>N</span> <span class='ocrx_word' id='word_1_9' title='bbox 386 1322 436 1374; x_wconf 92' lang='lat' dir='ltr'>11s</span> <span class='ocrx_word' id='word_1_10' title='bbox 446 1308 567 1392; x_wconf 89' lang='lat' dir='ltr'>quibus</span> <span class='ocrx_word' id='word_1_11' title='bbox 577 1310 761 1391; x_wconf 86' lang='lat' dir='ltr'>premimur</span> <span class='ocrx_word' id='word_1_12' title='bbox 772 1329 880 1374; x_wconf 89' lang='lat' dir='ltr'>rerurn</span> <span class='ocrx_word' id='word_1_13' title='bbox 894 1311 1056 1393; x_wconf 91' lang='lat' dir='ltr'>angustiis</span> <span class='ocrx_word' id='word_1_14' title='bbox 1069 1309 1162 1374; x_wconf 91' lang='lat' dir='ltr'>nullo</span> <span class='ocrx_word' id='word_1_15' title='bbox 1173 1290 1271 1372; x_wconf 64' lang='lat' dir='ltr'>blan-&#39;⁵</span> <span class='ocrx_word' id='word_1_16' title='bbox 1299 1301 1304 1309; x_wconf 79' lang='grc'>’</span> <span class='ocrx_word' id='word_1_17' title='bbox 1332 1327 1397 1416; x_wconf 42' lang='lat'>033</span> 
     </span>
     <span class='ocr_line' id='line_1_5' title="bbox 359 1411 1404 1498; baseline -0.004 -20"><span class='ocrx_word' id='word_1_18' title='bbox 359 1413 434 1478; x_wconf 91' lang='lat' dir='ltr'>dius</span> <span class='ocrx_word' id='word_1_19' title='bbox 450 1411 613 1477; x_wconf 88' lang='lat' dir='ltr'>afficimur</span> <span class='ocrx_word' id='word_1_20' title='bbox 629 1413 816 1478; x_wconf 89' lang='lat' dir='ltr'>lenimento</span> <span class='ocrx_word' id='word_1_21' title='bbox 832 1413 966 1491; x_wconf 89' lang='lat' dir='ltr'>doloris,</span> <span class='ocrx_word' id='word_1_22' title='bbox 978 1433 1079 1498; x_wconf 91' lang='lat' dir='ltr'>quam</span> <span class='ocrx_word' id='word_1_23' title='bbox 1091 1414 1182 1497; x_wconf 91' lang='lat' dir='ltr'>quod</span> <span class='ocrx_word' id='word_1_24' title='bbox 1195 1411 1267 1478; x_wconf 89' lang='lat' dir='ltr'>offi·</span> <span class='ocrx_word' id='word_1_25' title='bbox 1330 1426 1404 1490; x_wconf 80' lang='lat'><em>1891.</em></span> 
     </span>
     <span class='ocr_line' id='line_1_6' title="bbox 154 1321 1444 1699; baseline 0.001 -119"><span class='ocrx_word' id='word_1_26' title='bbox 154 1321 346 1699; x_wconf 52' lang='grc' dir='ltr'>ΕΞ</span> <span class='ocrx_word' id='word_1_27' title='bbox 360 1517 412 1582; x_wconf 90' lang='lat' dir='ltr'>cia</span> <span class='ocrx_word' id='word_1_28' title='bbox 423 1516 586 1599; x_wconf 87' lang='lat' dir='ltr'>praebent</span> <span class='ocrx_word' id='word_1_29' title='bbox 599 1515 742 1580; x_wconf 88' lang='lat' dir='ltr'>filiorum</span> <span class='ocrx_word' id='word_1_30' title='bbox 753 1517 938 1582; x_wconf 91' lang='lat' dir='ltr'>amantium</span> <span class='ocrx_word' id='word_1_31' title='bbox 950 1519 1016 1601; x_wconf 88' lang='lat' dir='ltr'>qui,</span> <span class='ocrx_word' id='word_1_32' title='bbox 1028 1518 1102 1583; x_wconf 93' lang='lat' dir='ltr'>loco</span> <span class='ocrx_word' id='word_1_33' title='bbox 1112 1515 1190 1582; x_wconf 90' lang='lat' dir='ltr'>licet</span> <span class='ocrx_word' id='word_1_34' title='bbox 1201 1517 1268 1583; x_wconf 90' lang='lat' dir='ltr'>dis·</span> <span class='ocrx_word' id='word_1_35' title='bbox 1305 1541 1444 1604; x_wconf 62' lang='lat' dir='ltr'>magno</span> 
     </span>
    </p>
   </div>
   <div class='ocr_carea' id='block_1_5' title="bbox 360 1606 1443 1721">
    <p class='ocr_par' dir='ltr' id='par_1_5' title="bbox 360 1606 1443 1721">
     <span class='ocr_line' id='line_1_7' title="bbox 360 1606 1443 1721; baseline 0.001 -37"><span class='ocrx_word' id='word_1_36' title='bbox 360 1621 426 1700; x_wconf 85' lang='lat' dir='ltr'>siti,</span> <span class='ocrx_word' id='word_1_37' title='bbox 441 1621 594 1684; x_wconf 83' lang='lat' dir='ltr'><strong>certatim</strong></span> <span class='ocrx_word' id='word_1_38' title='bbox 612 1620 655 1683; x_wconf 90' lang='lat' dir='ltr'>ad</span> <span class='ocrx_word' id='word_1_39' title='bbox 673 1621 746 1684; x_wconf 92' lang='lat' dir='ltr'>Nos</span> <span class='ocrx_word' id='word_1_40' title='bbox 770 1622 975 1686; x_wconf 88' lang='lat' dir='ltr'>conveniunt</span> <span class='ocrx_word' id='word_1_41' title='bbox 996 1641 1092 1687; x_wconf 89' lang='lat' dir='ltr'>suam</span> <span class='ocrx_word' id='word_1_42' title='bbox 1114 1622 1268 1686; x_wconf 91' lang='lat' dir='ltr'>testaturi</span> <span class='ocrx_word' id='word_1_43' title='bbox 1293 1606 1443 1721; x_wconf 31' lang='lat' dir='ltr'>gwa-</span> 
     </span>
    </p>
   </div>
   <div class='ocr_carea' id='block_1_6' title="bbox 159 1723 1396 1809">
    <p class='ocr_par' dir='ltr' id='par_1_6' title="bbox 159 1723 1396 1809">
     <span class='ocr_line' id='line_1_8' title="bbox 159 1723 1396 1809; baseline -0.006 -17"><span class='ocrx_word' id='word_1_44' title='bbox 159 1728 269 1792; x_wconf 92' lang='lat' dir='ltr'>Nobis</span> <span class='ocrx_word' id='word_1_45' title='bbox 282 1726 532 1791; x_wconf 82' lang='lat' dir='ltr'>observantiam</span> <span class='ocrx_word' id='word_1_46' title='bbox 547 1735 580 1789; x_wconf 91' lang='lat' dir='ltr'>et</span> <span class='ocrx_word' id='word_1_47' title='bbox 593 1723 833 1789; x_wconf 86' lang='lat' dir='ltr'>fidemMiram</span> <span class='ocrx_word' id='word_1_48' title='bbox 845 1727 984 1808; x_wconf 87' lang='lat' dir='ltr'>proinde</span> <span class='ocrx_word' id='word_1_49' title='bbox 996 1727 1204 1809; x_wconf 89' lang='lat' dir='ltr'>voluptatem</span> <span class='ocrx_word' id='word_1_50' title='bbox 1216 1747 1267 1790; x_wconf 90' lang='lat' dir='ltr'>ce·</span> <span class='ocrx_word' id='word_1_51' title='bbox 1293 1738 1396 1787; x_wconf 75' lang='lat' dir='ltr'>saturae</span> 
     </span>
    </p>
   </div>
   <div class='ocr_carea' id='block_1_7' title="bbox 156 1803 1443 1925">
    <p class='ocr_par' dir='ltr' id='par_1_7' title="bbox 156 1803 1443 1925">
     <span class='ocr_line' id='line_1_9' title="bbox 156 1803 1443 1925; baseline 0.002 -30"><span class='ocrx_word' id='word_1_52' title='bbox 156 1833 269 1915; x_wconf 85' lang='lat' dir='ltr'>pimus</span> <span class='ocrx_word' id='word_1_53' title='bbox 285 1831 383 1896; x_wconf 88' lang='lat' dir='ltr'>exiis</span> <span class='ocrx_word' id='word_1_54' title='bbox 396 1829 730 1914; x_wconf 85' lang='lat' dir='ltr'>peregrinationibus,</span> <span class='ocrx_word' id='word_1_55' title='bbox 740 1850 823 1912; x_wconf 89' lang='lat' dir='ltr'>quas</span> <span class='ocrx_word' id='word_1_56' title='bbox 836 1851 898 1894; x_wconf 85' lang='lat' dir='ltr'>sex</span> <span class='ocrx_word' id='word_1_57' title='bbox 910 1831 1032 1894; x_wconf 87' lang='lat' dir='ltr'>abhinc</span> <span class='ocrx_word' id='word_1_58' title='bbox 1044 1851 1151 1894; x_wconf 91' lang='lat' dir='ltr'>annos</span> <span class='ocrx_word' id='word_1_59' title='bbox 1164 1832 1267 1894; x_wconf 91' lang='lat' dir='ltr'>ductu</span> <span class='ocrx_word' id='word_1_60' title='bbox 1293 1803 1443 1925; x_wconf 51' lang='lat' dir='ltr'>mm</span> 
     </span>
    </p>
   </div>
   <div class='ocr_carea' id='block_1_8' title="bbox 154 1933 1438 2129">
    <p class='ocr_par' dir='ltr' id='par_1_8' title="bbox 154 1933 1438 2129">
     <span class='ocr_line' id='line_1_10' title="bbox 154 1933 1428 2018; baseline -0.005 -18"><span class='ocrx_word' id='word_1_61' title='bbox 154 1947 189 2000; x_wconf 88' lang='lat' dir='ltr'>et</span> <span class='ocrx_word' id='word_1_62' title='bbox 207 1935 359 2018; x_wconf 92' lang='lat' dir='ltr'>auspicio</span> <span class='ocrx_word' id='word_1_63' title='bbox 374 1953 544 1998; x_wconf 87' lang='lat' dir='ltr'>sacrorum</span> <span class='ocrx_word' id='word_1_64' title='bbox 561 1933 765 1998; x_wconf 89' lang='lat' dir='ltr'>Antistitum</span> <span class='ocrx_word' id='word_1_65' title='bbox 783 1935 865 1998; x_wconf 92' lang='lat' dir='ltr'>inire</span> <span class='ocrx_word' id='word_1_66' title='bbox 880 1944 1062 2018; x_wconf 89' lang='lat' dir='ltr'>coeperunt</span> <span class='ocrx_word' id='word_1_67' title='bbox 1077 1934 1119 1997; x_wconf 90' lang='lat' dir='ltr'>ad</span> <span class='ocrx_word' id='word_1_68' title='bbox 1139 1933 1267 1998; x_wconf 89' lang='lat' dir='ltr'>Urbem</span> <span class='ocrx_word' id='word_1_69' title='bbox 1298 1933 1428 2010; x_wconf 63' lang='lat' dir='ltr'>Gallorum</span> 
     </span>
     <span class='ocr_line' id='line_1_11' title="bbox 154 1999 1438 2129; baseline -0.005 -23"><span class='ocrx_word' id='word_1_70' title='bbox 154 2041 280 2106; x_wconf 88' lang='lat' dir='ltr'>Gallici</span> <span class='ocrx_word' id='word_1_71' title='bbox 297 2039 443 2124; x_wconf 82' lang='lat' dir='ltr'>opifices,</span> <span class='ocrx_word' id='word_1_72' title='bbox 456 2040 545 2104; x_wconf 92' lang='lat' dir='ltr'>haud</span> <span class='ocrx_word' id='word_1_73' title='bbox 564 2039 689 2103; x_wconf 90' lang='lat' dir='ltr'>leviora</span> <span class='ocrx_word' id='word_1_74' title='bbox 700 2040 851 2104; x_wconf 85' lang='lat' dir='ltr'>hausturi</span> <span class='ocrx_word' id='word_1_75' title='bbox 864 2061 908 2104; x_wconf 86' lang='lat' dir='ltr'>ex</span> <span class='ocrx_word' id='word_1_76' title='bbox 918 2041 1027 2106; x_wconf 87' lang='lat' dir='ltr'>verbis</span> <span class='ocrx_word' id='word_1_77' title='bbox 1038 2039 1172 2104; x_wconf 88' lang='lat' dir='ltr'>Nostris</span> <span class='ocrx_word' id='word_1_78' title='bbox 1188 2037 1268 2100; x_wconf 92' lang='lat' dir='ltr'>inci·</span> <span class='ocrx_word' id='word_1_79' title='bbox 1291 1999 1438 2129; x_wconf 52' lang='lat' dir='ltr'>fflffla.</span> 
     </span>
    </p>
   </div>
   <div class='ocr_carea' id='block_1_9' title="bbox 155 2131 1413 2247">
    <p class='ocr_par' dir='ltr' id='par_1_9' title="bbox 155 2131 1413 2247">
     <span class='ocr_line' id='line_1_12' title="bbox 155 2131 1413 2247; baseline -0.009 -38"><span class='ocrx_word' id='word_1_80' title='bbox 155 2153 311 2209; x_wconf 87' lang='lat' dir='ltr'>tamenta</span> <span class='ocrx_word' id='word_1_81' title='bbox 338 2144 484 2226; x_wconf 82' lang='lat' dir='ltr'>pietatis,</span> <span class='ocrx_word' id='word_1_82' title='bbox 506 2163 609 2226; x_wconf 90' lang='lat' dir='ltr'>quam</span> <span class='ocrx_word' id='word_1_83' title='bbox 636 2143 698 2226; x_wconf 87' lang='lat' dir='ltr'>ipsi</span> <span class='ocrx_word' id='word_1_84' title='bbox 718 2143 825 2207; x_wconf 93' lang='lat' dir='ltr'>Nobis</span> <span class='ocrx_word' id='word_1_85' title='bbox 854 2153 965 2208; x_wconf 88' lang='lat' dir='ltr'>essent</span> <span class='ocrx_word' id='word_1_86' title='bbox 991 2145 1122 2208; x_wconf 87' lang='lat' dir='ltr'>allaturi</span> <span class='ocrx_word' id='word_1_87' title='bbox 1149 2141 1270 2204; x_wconf 90' lang='lat' dir='ltr'>solatia</span> <span class='ocrx_word' id='word_1_88' title='bbox 1294 2131 1413 2247; x_wconf 49' lang='lat' dir='ltr'>‘hm</span> 
     </span>
    </p>
   </div>
   <div class='ocr_carea' id='block_1_10' title="bbox 153 2245 1446 2442">
    <p class='ocr_par' dir='ltr' id='par_1_10' title="bbox 153 2245 1446 2442">
     <span class='ocr_line' id='line_1_13' title="bbox 154 2245 1446 2338; baseline -0.002 -27"><span class='ocrx_word' id='word_1_89' title='bbox 154 2249 350 2332; x_wconf 90' lang='lat' dir='ltr'>praesentia</span> <span class='ocrx_word' id='word_1_90' title='bbox 366 2256 401 2310; x_wconf 91' lang='lat' dir='ltr'>et</span> <span class='ocrx_word' id='word_1_91' title='bbox 416 2245 566 2329; x_wconf 92' lang='lat' dir='ltr'>alloquio</span> <span class='ocrx_word' id='word_1_92' title='bbox 584 2247 793 2310; x_wconf 89' lang='lat' dir='ltr'>suavissimo.</span> <span class='ocrx_word' id='word_1_93' title='bbox 807 2283 850 2294; x_wconf 97' lang='lat'><em>-</em></span> <span class='ocrx_word' id='word_1_94' title='bbox 870 2247 972 2309; x_wconf 87' lang='lat' dir='ltr'>Plane</span> <span class='ocrx_word' id='word_1_95' title='bbox 985 2247 1069 2309; x_wconf 90' lang='lat' dir='ltr'>inter</span> <span class='ocrx_word' id='word_1_96' title='bbox 1079 2245 1161 2309; x_wconf 90' lang='lat' dir='ltr'>haec</span> <span class='ocrx_word' id='word_1_97' title='bbox 1177 2261 1269 2326; x_wconf 88' lang='lat' dir='ltr'>pere·</span> <span class='ocrx_word' id='word_1_98' title='bbox 1313 2261 1368 2310; x_wconf 76' lang='lat' dir='ltr'>Hoc</span> <span class='ocrx_word' id='word_1_99' title='bbox 1378 2275 1446 2338; x_wconf 56' lang='lat' dir='ltr'>anso</span> 
     </span>
     <span class='ocr_line' id='line_1_14' title="bbox 153 2327 1445 2442; baseline -0.005 -28"><span class='ocrx_word' id='word_1_100' title='bbox 153 2351 366 2434; x_wconf 88' lang='lat' dir='ltr'>grinantium</span> <span class='ocrx_word' id='word_1_101' title='bbox 394 2351 530 2432; x_wconf 84' lang='lat' dir='ltr'>agmina</span> <span class='ocrx_word' id='word_1_102' title='bbox 557 2347 639 2411; x_wconf 93' lang='lat' dir='ltr'>illud</span> <span class='ocrx_word' id='word_1_103' title='bbox 672 2349 864 2430; x_wconf 88' lang='lat' dir='ltr'>perinsigne</span> <span class='ocrx_word' id='word_1_104' title='bbox 894 2371 933 2412; x_wconf 91' lang='lat' dir='ltr'>ac</span> <span class='ocrx_word' id='word_1_105' title='bbox 963 2348 1268 2432; x_wconf 85' lang='lat' dir='ltr'>frequentissimum</span> <span class='ocrx_word' id='word_1_106' title='bbox 1289 2327 1445 2442; x_wconf 52' lang='lat' dir='ltr'>{mm</span> 
     </span>
    </p>
   </div>
   <div class='ocr_carea' id='block_1_11' title="bbox 150 2453 1445 2850">
    <p class='ocr_par' dir='ltr' id='par_1_11' title="bbox 150 2453 1445 2850">
     <span class='ocr_line' id='line_1_15' title="bbox 150 2453 1445 2537; baseline -0.004 -18"><span class='ocrx_word' id='word_1_107' title='bbox 150 2455 282 2532; x_wconf 86' lang='lat' dir='ltr'>extitit,</span> <span class='ocrx_word' id='word_1_108' title='bbox 298 2453 390 2537; x_wconf 91' lang='lat' dir='ltr'>quod</span> <span class='ocrx_word' id='word_1_109' title='bbox 407 2453 471 2517; x_wconf 93' lang='lat' dir='ltr'>hoc</span> <span class='ocrx_word' id='word_1_110' title='bbox 489 2454 564 2535; x_wconf 91' lang='lat' dir='ltr'>ipso</span> <span class='ocrx_word' id='word_1_111' title='bbox 579 2471 678 2530; x_wconf 91' lang='lat' dir='ltr'>anno,</span> <span class='ocrx_word' id='word_1_112' title='bbox 694 2467 727 2516; x_wconf 90' lang='lat' dir='ltr'>te</span> <span class='ocrx_word' id='word_1_113' title='bbox 746 2473 882 2517; x_wconf 90' lang='lat' dir='ltr'>suasore</span> <span class='ocrx_word' id='word_1_114' title='bbox 907 2454 1091 2536; x_wconf 80' lang='lat' dir='ltr'>potissime,</span> <span class='ocrx_word' id='word_1_115' title='bbox 1116 2469 1269 2536; x_wconf 87' lang='lat' dir='ltr'>praecur·</span> <span class='ocrx_word' id='word_1_116' title='bbox 1294 2471 1445 2534; x_wconf 63' lang='lat' dir='ltr'>mnem-</span> 
     </span>
     <span class='ocr_line' id='line_1_16' title="bbox 151 2524 1444 2654; baseline -0.001 -30"><span class='ocrx_word' id='word_1_117' title='bbox 151 2580 231 2624; x_wconf 88' lang='lat' dir='ltr'>sore</span> <span class='ocrx_word' id='word_1_118' title='bbox 248 2568 282 2622; x_wconf 86' lang='lat' dir='ltr'>et</span> <span class='ocrx_word' id='word_1_119' title='bbox 298 2559 394 2635; x_wconf 88' lang='lat' dir='ltr'>duce,</span> <span class='ocrx_word' id='word_1_120' title='bbox 410 2557 559 2622; x_wconf 87' lang='lat' dir='ltr'>Romam</span> <span class='ocrx_word' id='word_1_121' title='bbox 572 2555 747 2634; x_wconf 85' lang='lat' dir='ltr'>confluxit,</span> <span class='ocrx_word' id='word_1_122' title='bbox 763 2577 806 2620; x_wconf 89' lang='lat' dir='ltr'>ex</span> <span class='ocrx_word' id='word_1_123' title='bbox 830 2579 897 2640; x_wconf 92' lang='lat' dir='ltr'>quo</span> <span class='ocrx_word' id='word_1_124' title='bbox 914 2558 1136 2622; x_wconf 89' lang='lat' dir='ltr'>diuturniores</span> <span class='ocrx_word' id='word_1_125' title='bbox 1163 2549 1268 2639; x_wconf 85' lang='lat' dir='ltr'>cepis·</span> <span class='ocrx_word' id='word_1_126' title='bbox 1292 2524 1444 2654; x_wconf 47' lang='lat' dir='ltr'>mm.</span> 
     </span>
     <span class='ocr_line' id='line_1_17' title="bbox 155 2655 1444 2784; baseline -0.004 -56"><span class='ocrx_word' id='word_1_127' title='bbox 155 2682 273 2728; x_wconf 88' lang='lat' dir='ltr'>semus</span> <span class='ocrx_word' id='word_1_128' title='bbox 289 2671 324 2727; x_wconf 90' lang='lat' dir='ltr'>et</span> <span class='ocrx_word' id='word_1_129' title='bbox 334 2661 505 2736; x_wconf 79' lang='lat' dir='ltr'>uberiores</span> <span class='ocrx_word' id='word_1_130' title='bbox 518 2662 737 2725; x_wconf 89' lang='lat' dir='ltr'>iucunditatis</span> <span class='ocrx_word' id='word_1_131' title='bbox 755 2661 891 2740; x_wconf 82' lang='lat' dir='ltr'>fructus,</span> <span class='ocrx_word' id='word_1_132' title='bbox 902 2663 964 2726; x_wconf 91' lang='lat' dir='ltr'>nisi</span> <span class='ocrx_word' id='word_1_133' title='bbox 981 2683 1038 2726; x_wconf 91' lang='lat' dir='ltr'>eos</span> <span class='ocrx_word' id='word_1_134' title='bbox 1054 2661 1157 2726; x_wconf 91' lang='lat' dir='ltr'>tristis</span> <span class='ocrx_word' id='word_1_135' title='bbox 1173 2679 1269 2724; x_wconf 86' lang='lat' dir='ltr'>casus</span> <span class='ocrx_word' id='word_1_136' title='bbox 1285 2655 1444 2784; x_wconf 56' lang='lat' dir='ltr'>Jsgjfflm</span> 
     </span>
     <span class='ocr_line' id='line_1_18' title="bbox 155 2762 1442 2850; baseline -0.002 -22"><span class='ocrx_word' id='word_1_137' title='bbox 155 2763 395 2846; x_wconf 86' lang='lat' dir='ltr'>intercepisset</span> <span class='ocrx_word' id='word_1_138' title='bbox 422 2773 456 2826; x_wconf 89' lang='lat' dir='ltr'>et</span> <span class='ocrx_word' id='word_1_139' title='bbox 486 2762 665 2844; x_wconf 89' lang='lat' dir='ltr'>impiorum</span> <span class='ocrx_word' id='word_1_140' title='bbox 694 2782 810 2827; x_wconf 90' lang='lat' dir='ltr'>vecors</span> <span class='ocrx_word' id='word_1_141' title='bbox 841 2765 1046 2847; x_wconf 86' lang='lat' dir='ltr'>improbitas.</span> <span class='ocrx_word' id='word_1_142' title='bbox 1072 2763 1160 2828; x_wconf 90' lang='lat' dir='ltr'>Utut</span> <span class='ocrx_word' id='word_1_143' title='bbox 1190 2783 1269 2826; x_wconf 91' lang='lat' dir='ltr'>vero</span> <span class='ocrx_word' id='word_1_144' title='bbox 1295 2785 1442 2850; x_wconf 69' lang='lat' dir='ltr'>tisexdolot.</span> 
     </span>
    </p>
   </div>
   <div class='ocr_carea' id='block_1_12' title="bbox 150 2851 1448 4302">
    <p class='ocr_par' dir='ltr' id='par_1_12' title="bbox 150 2851 1447 3678">
     <span class='ocr_line' id='line_1_19' title="bbox 154 2851 1444 2980; baseline -0.003 -48"><span class='ocrx_word' id='word_1_145' title='bbox 154 2869 278 2932; x_wconf 90' lang='lat' dir='ltr'>acerba</span> <span class='ocrx_word' id='word_1_146' title='bbox 305 2865 414 2930; x_wconf 93' lang='lat' dir='ltr'>Nobis</span> <span class='ocrx_word' id='word_1_147' title='bbox 440 2867 572 2929; x_wconf 89' lang='lat' dir='ltr'>accidat</span> <span class='ocrx_word' id='word_1_148' title='bbox 587 2866 725 2930; x_wconf 91' lang='lat' dir='ltr'>huiusce</span> <span class='ocrx_word' id='word_1_149' title='bbox 736 2868 782 2930; x_wconf 88' lang='lat' dir='ltr'>rei</span> <span class='ocrx_word' id='word_1_150' title='bbox 813 2868 1008 2948; x_wconf 88' lang='lat' dir='ltr'>recordatio,</span> <span class='ocrx_word' id='word_1_151' title='bbox 1032 2869 1139 2931; x_wconf 87' lang='lat' dir='ltr'>facere</span> <span class='ocrx_word' id='word_1_152' title='bbox 1154 2877 1268 2937; x_wconf 85' lang='lat' dir='ltr'>tamen</span> <span class='ocrx_word' id='word_1_153' title='bbox 1294 2851 1444 2980; x_wconf 41' lang='lat' dir='ltr'>gma-</span> 
     </span>
     <span class='ocr_line' id='line_1_20' title="bbox 154 2969 1411 3058; baseline -0.006 -22"><span class='ocrx_word' id='word_1_154' title='bbox 154 2991 225 3038; x_wconf 91' lang='lat' dir='ltr'>non</span> <span class='ocrx_word' id='word_1_155' title='bbox 243 2989 433 3053; x_wconf 90' lang='lat' dir='ltr'>possumus,</span> <span class='ocrx_word' id='word_1_156' title='bbox 445 2971 526 3052; x_wconf 89' lang='lat' dir='ltr'>quin</span> <span class='ocrx_word' id='word_1_157' title='bbox 544 2969 706 3050; x_wconf 90' lang='lat' dir='ltr'>plurimas</span> <span class='ocrx_word' id='word_1_158' title='bbox 724 2989 865 3053; x_wconf 86' lang='lat' dir='ltr'>agamus</span> <span class='ocrx_word' id='word_1_159' title='bbox 878 2972 938 3037; x_wconf 91' lang='lat' dir='ltr'>tibi</span> <span class='ocrx_word' id='word_1_160' title='bbox 963 2973 1080 3036; x_wconf 87' lang='lat' dir='ltr'>laudes</span> <span class='ocrx_word' id='word_1_161' title='bbox 1096 2981 1130 3036; x_wconf 88' lang='lat' dir='ltr'>et</span> <span class='ocrx_word' id='word_1_162' title='bbox 1145 2973 1269 3054; x_wconf 85' lang='lat' dir='ltr'>gratias</span> <span class='ocrx_word' id='word_1_163' title='bbox 1293 2982 1334 3030; x_wconf 73' lang='lat' dir='ltr'>des</span> <span class='ocrx_word' id='word_1_164' title='bbox 1351 2981 1411 3058; x_wconf 62' lang='grc' dir='ltr'>ιρις-</span> 
     </span>
     <span class='ocr_line' id='line_1_21' title="bbox 153 3052 1447 3178; baseline -0.002 -40"><span class='ocrx_word' id='word_1_165' title='bbox 153 3095 220 3160; x_wconf 91' lang='lat' dir='ltr'>pro</span> <span class='ocrx_word' id='word_1_166' title='bbox 236 3093 277 3137; x_wconf 87' lang='lat' dir='ltr'>ea</span> <span class='ocrx_word' id='word_1_167' title='bbox 292 3093 393 3156; x_wconf 89' lang='lat' dir='ltr'>quam</span> <span class='ocrx_word' id='word_1_168' title='bbox 420 3072 590 3137; x_wconf 90' lang='lat' dir='ltr'>contulisti</span> <span class='ocrx_word' id='word_1_169' title='bbox 616 3093 694 3136; x_wconf 92' lang='lat' dir='ltr'>cura</span> <span class='ocrx_word' id='word_1_170' title='bbox 719 3073 863 3156; x_wconf 89' lang='lat' dir='ltr'>sapienti</span> <span class='ocrx_word' id='word_1_171' title='bbox 880 3085 912 3139; x_wconf 90' lang='lat' dir='ltr'>et</span> <span class='ocrx_word' id='word_1_172' title='bbox 940 3095 1041 3157; x_wconf 90' lang='lat' dir='ltr'>opera</span> <span class='ocrx_word' id='word_1_173' title='bbox 1065 3075 1217 3157; x_wconf 91' lang='lat' dir='ltr'>impigra,</span> <span class='ocrx_word' id='word_1_174' title='bbox 1232 3082 1269 3136; x_wconf 93' lang='lat' dir='ltr'>ut</span> <span class='ocrx_word' id='word_1_175' title='bbox 1288 3052 1447 3178; x_wconf 44' lang='lat' dir='ltr'>{migr</span> 
     </span>
     <span class='ocr_line' id='line_1_22' title="bbox 153 3177 1446 3265; baseline -0.004 -21"><span class='ocrx_word' id='word_1_176' title='bbox 153 3181 254 3265; x_wconf 90' lang='lat' dir='ltr'>pium</span> <span class='ocrx_word' id='word_1_177' title='bbox 284 3199 323 3243; x_wconf 90' lang='lat' dir='ltr'>ac</span> <span class='ocrx_word' id='word_1_178' title='bbox 354 3177 468 3242; x_wconf 89' lang='lat' dir='ltr'>nobile</span> <span class='ocrx_word' id='word_1_179' title='bbox 500 3177 672 3262; x_wconf 87' lang='lat' dir='ltr'>inceptum</span> <span class='ocrx_word' id='word_1_180' title='bbox 707 3199 884 3262; x_wconf 87' lang='lat' dir='ltr'>prosperos</span> <span class='ocrx_word' id='word_1_181' title='bbox 921 3200 1092 3245; x_wconf 89' lang='lat' dir='ltr'>successus</span> <span class='ocrx_word' id='word_1_182' title='bbox 1122 3179 1268 3242; x_wconf 90' lang='lat' dir='ltr'>haberet.</span> <span class='ocrx_word' id='word_1_183' title='bbox 1292 3177 1446 3255; x_wconf 76' lang='lat' dir='ltr'>iisqmnibus</span> 
     </span>
     <span class='ocr_line' id='line_1_23' title="bbox 155 3241 1446 3372; baseline -0.004 -22"><span class='ocrx_word' id='word_1_184' title='bbox 155 3285 315 3349; x_wconf 83' lang='lat' dir='ltr'>iunctam</span> <span class='ocrx_word' id='word_1_185' title='bbox 325 3302 426 3365; x_wconf 92' lang='lat' dir='ltr'>porro</span> <span class='ocrx_word' id='word_1_186' title='bbox 439 3281 594 3346; x_wconf 88' lang='lat' dir='ltr'>laudibus</span> <span class='ocrx_word' id='word_1_187' title='bbox 607 3284 673 3346; x_wconf 90' lang='lat' dir='ltr'>tuis</span> <span class='ocrx_word' id='word_1_188' title='bbox 684 3283 1015 3348; x_wconf 88' lang='lat' dir='ltr'>commendationem</span> <span class='ocrx_word' id='word_1_189' title='bbox 1033 3303 1105 3345; x_wconf 87' lang='lat' dir='ltr'>esse</span> <span class='ocrx_word' id='word_1_190' title='bbox 1114 3283 1269 3346; x_wconf 89' lang='lat' dir='ltr'>volumus</span> <span class='ocrx_word' id='word_1_191' title='bbox 1283 3241 1446 3372; x_wconf 45' lang='lat' dir='ltr'>{2⁴3⁸ssss</span> 
     </span>
     <span class='ocr_line' id='line_1_24' title="bbox 152 3379 1445 3502; baseline -0.003 -53"><span class='ocrx_word' id='word_1_192' title='bbox 152 3385 302 3450; x_wconf 89' lang='lat' dir='ltr'>aliorum</span> <span class='ocrx_word' id='word_1_193' title='bbox 315 3384 511 3448; x_wconf 89' lang='lat' dir='ltr'>Praesulum</span> <span class='ocrx_word' id='word_1_194' title='bbox 524 3382 677 3447; x_wconf 90' lang='lat' dir='ltr'>Gallicae</span> <span class='ocrx_word' id='word_1_195' title='bbox 688 3385 861 3463; x_wconf 87' lang='lat' dir='ltr'>ecclesiae,</span> <span class='ocrx_word' id='word_1_196' title='bbox 873 3385 1086 3467; x_wconf 89' lang='lat' dir='ltr'>virorumque</span> <span class='ocrx_word' id='word_1_197' title='bbox 1098 3393 1268 3466; x_wconf 88' lang='lat' dir='ltr'>praestan·</span> <span class='ocrx_word' id='word_1_198' title='bbox 1294 3379 1445 3502; x_wconf 38' lang='lat' dir='ltr'>mm&amp;</span> 
     </span>
     <span class='ocr_line' id='line_1_25' title="bbox 150 3487 1432 3572; baseline -0.001 -18"><span class='ocrx_word' id='word_1_199' title='bbox 150 3491 243 3554; x_wconf 91' lang='lat' dir='ltr'>tium</span> <span class='ocrx_word' id='word_1_200' title='bbox 260 3508 401 3572; x_wconf 90' lang='lat' dir='ltr'>quornm</span> <span class='ocrx_word' id='word_1_201' title='bbox 434 3508 499 3570; x_wconf 90' lang='lat' dir='ltr'>ope</span> <span class='ocrx_word' id='word_1_202' title='bbox 515 3497 549 3551; x_wconf 90' lang='lat' dir='ltr'>et</span> <span class='ocrx_word' id='word_1_203' title='bbox 560 3487 739 3552; x_wconf 91' lang='lat' dir='ltr'>sedulitate</span> <span class='ocrx_word' id='word_1_204' title='bbox 754 3501 806 3553; x_wconf 90' lang='lat' dir='ltr'>est</span> <span class='ocrx_word' id='word_1_205' title='bbox 819 3489 987 3568; x_wconf 85' lang='lat' dir='ltr'>effectum,</span> <span class='ocrx_word' id='word_1_206' title='bbox 1014 3497 1050 3552; x_wconf 94' lang='lat' dir='ltr'>ut</span> <span class='ocrx_word' id='word_1_207' title='bbox 1076 3489 1268 3552; x_wconf 91' lang='lat' dir='ltr'>huiusmodi</span> <span class='ocrx_word' id='word_1_208' title='bbox 1294 3504 1432 3564; x_wconf 75' lang='lat' dir='ltr'>movendas,</span> 
     </span>
     <span class='ocr_line' id='line_1_26' title="bbox 153 3591 1269 3678; baseline 0 -22"><span class='ocrx_word' id='word_1_209' title='bbox 153 3591 444 3678; x_wconf 89' lang='lat' dir='ltr'>peregrinationes</span> <span class='ocrx_word' id='word_1_210' title='bbox 460 3601 531 3655; x_wconf 90' lang='lat' dir='ltr'>tarn</span> <span class='ocrx_word' id='word_1_211' title='bbox 549 3591 639 3656; x_wconf 91' lang='lat' dir='ltr'>laeta</span> <span class='ocrx_word' id='word_1_212' title='bbox 654 3592 816 3656; x_wconf 91' lang='lat' dir='ltr'>haberent</span> <span class='ocrx_word' id='word_1_213' title='bbox 839 3593 980 3658; x_wconf 90' lang='lat' dir='ltr'>exordia</span> <span class='ocrx_word' id='word_1_214' title='bbox 1004 3601 1037 3656; x_wconf 89' lang='lat' dir='ltr'>et</span> <span class='ocrx_word' id='word_1_215' title='bbox 1054 3593 1269 3668; x_wconf 88' lang='lat' dir='ltr'>incrementa,</span> 
     </span>
    </p>

    <p class='ocr_par' dir='ltr' id='par_1_13' title="bbox 152 3696 1268 3780">
     <span class='ocr_line' id='line_1_27' title="bbox 152 3696 1268 3780; baseline -0.004 -17"><span class='ocrx_word' id='word_1_216' title='bbox 152 3713 229 3764; x_wconf 91' lang='lat' dir='ltr'>tarn</span> <span class='ocrx_word' id='word_1_217' title='bbox 242 3707 331 3760; x_wconf 88' lang='lat' dir='ltr'>recte</span> <span class='ocrx_word' id='word_1_218' title='bbox 341 3706 443 3779; x_wconf 89' lang='lat' dir='ltr'>atque</span> <span class='ocrx_word' id='word_1_219' title='bbox 453 3696 571 3760; x_wconf 92' lang='lat' dir='ltr'>ordine</span> <span class='ocrx_word' id='word_1_220' title='bbox 583 3716 661 3761; x_wconf 90' lang='lat' dir='ltr'>suas</span> <span class='ocrx_word' id='word_1_221' title='bbox 672 3709 871 3780; x_wconf 89' lang='lat' dir='ltr'>peragerent</span> <span class='ocrx_word' id='word_1_222' title='bbox 887 3697 984 3762; x_wconf 88' lang='lat' dir='ltr'>vices.</span> <span class='ocrx_word' id='word_1_223' title='bbox 998 3697 1102 3761; x_wconf 90' lang='lat' dir='ltr'>Hisce</span> <span class='ocrx_word' id='word_1_224' title='bbox 1112 3697 1268 3761; x_wconf 89' lang='lat' dir='ltr'>omnibus</span> 
     </span>
    </p>

    <p class='ocr_par' dir='ltr' id='par_1_14' title="bbox 152 3799 1448 4302">
     <span class='ocr_line' id='line_1_28' title="bbox 153 3799 1269 3886; baseline -0.002 -20"><span class='ocrx_word' id='word_1_225' title='bbox 153 3799 311 3886; x_wconf 88' lang='lat' dir='ltr'>patefieri</span> <span class='ocrx_word' id='word_1_226' title='bbox 326 3808 485 3882; x_wconf 88' lang='lat' dir='ltr'>optamus</span> <span class='ocrx_word' id='word_1_227' title='bbox 503 3799 688 3874; x_wconf 87' lang='lat' dir='ltr'>ministerio</span> <span class='ocrx_word' id='word_1_228' title='bbox 705 3812 765 3863; x_wconf 93' lang='lat' dir='ltr'>tuo</span> <span class='ocrx_word' id='word_1_229' title='bbox 794 3821 910 3864; x_wconf 87' lang='lat' dir='ltr'>sensus</span> <span class='ocrx_word' id='word_1_230' title='bbox 938 3811 1097 3884; x_wconf 90' lang='lat' dir='ltr'>paternae</span> <span class='ocrx_word' id='word_1_231' title='bbox 1122 3800 1269 3864; x_wconf 90' lang='lat' dir='ltr'>caritatis</span> 
     </span>
     <span class='ocr_line' id='line_1_29' title="bbox 152 3901 1446 3990; baseline 0.002 -21"><span class='ocrx_word' id='word_1_232' title='bbox 152 3905 314 3990; x_wconf 85' lang='lat' dir='ltr'>gratique</span> <span class='ocrx_word' id='word_1_233' title='bbox 329 3903 433 3967; x_wconf 91' lang='lat' dir='ltr'>animi</span> <span class='ocrx_word' id='word_1_234' title='bbox 451 3901 577 3969; x_wconf 91' lang='lat' dir='ltr'>Nostri.</span> <span class='ocrx_word' id='word_1_235' title='bbox 593 3935 635 3948; x_wconf 93' lang='grc'>-</span> <span class='ocrx_word' id='word_1_236' title='bbox 654 3903 810 3987; x_wconf 88' lang='lat' dir='ltr'>Denique</span> <span class='ocrx_word' id='word_1_237' title='bbox 828 3923 934 3987; x_wconf 90' lang='lat' dir='ltr'>quum</span> <span class='ocrx_word' id='word_1_238' title='bbox 950 3905 1041 3981; x_wconf 90' lang='lat' dir='ltr'>haec,</span> <span class='ocrx_word' id='word_1_239' title='bbox 1062 3925 1148 3987; x_wconf 88' lang='lat' dir='ltr'>quae</span> <span class='ocrx_word' id='word_1_240' title='bbox 1165 3923 1270 3986; x_wconf 91' lang='lat' dir='ltr'>nuper</span> <span class='ocrx_word' id='word_1_241' title='bbox 1342 3924 1446 3987; x_wconf 74' lang='lat' dir='ltr'>illosque</span> 
     </span>
     <span class='ocr_line' id='line_1_30' title="bbox 152 3989 1448 4103; baseline -0.002 -28"><span class='ocrx_word' id='word_1_242' title='bbox 152 4009 352 4075; x_wconf 88' lang='lat' dir='ltr'>enituerunt</span> <span class='ocrx_word' id='word_1_243' title='bbox 368 4007 596 4090; x_wconf 89' lang='lat' dir='ltr'>operariorum</span> <span class='ocrx_word' id='word_1_244' title='bbox 613 4008 735 4086; x_wconf 92' lang='lat' dir='ltr'>studia,</span> <span class='ocrx_word' id='word_1_245' title='bbox 752 4010 881 4072; x_wconf 89' lang='lat' dir='ltr'>dociles</span> <span class='ocrx_word' id='word_1_246' title='bbox 894 4029 951 4072; x_wconf 91' lang='lat' dir='ltr'>eos</span> <span class='ocrx_word' id='word_1_247' title='bbox 961 4010 1145 4073; x_wconf 90' lang='lat' dir='ltr'>ostenderit</span> <span class='ocrx_word' id='word_1_248' title='bbox 1157 4018 1268 4091; x_wconf 90' lang='lat' dir='ltr'>pasto·</span> <span class='ocrx_word' id='word_1_249' title='bbox 1296 3989 1448 4103; x_wconf 50' lang='lat' dir='ltr'>sswW</span> 
     </span>
     <span class='ocr_line' id='line_1_31' title="bbox 152 4109 1448 4196; baseline -0.002 -18"><span class='ocrx_word' id='word_1_250' title='bbox 152 4133 232 4178; x_wconf 89' lang='lat' dir='ltr'>rum</span> <span class='ocrx_word' id='word_1_251' title='bbox 250 4111 398 4189; x_wconf 88' lang='lat' dir='ltr'>vocibus,</span> <span class='ocrx_word' id='word_1_252' title='bbox 414 4130 481 4175; x_wconf 94' lang='lat' dir='ltr'>non</span> <span class='ocrx_word' id='word_1_253' title='bbox 498 4109 691 4175; x_wconf 88' lang='lat' dir='ltr'>dubitamus</span> <span class='ocrx_word' id='word_1_254' title='bbox 707 4115 787 4195; x_wconf 92' lang='lat' dir='ltr'>quin</span> <span class='ocrx_word' id='word_1_255' title='bbox 808 4115 888 4196; x_wconf 86' lang='lat' dir='ltr'>ipse,</span> <span class='ocrx_word' id='word_1_256' title='bbox 905 4113 1039 4177; x_wconf 89' lang='lat' dir='ltr'>Dilecte</span> <span class='ocrx_word' id='word_1_257' title='bbox 1055 4111 1119 4176; x_wconf 88' lang='lat' dir='ltr'>Fili</span> <span class='ocrx_word' id='word_1_258' title='bbox 1136 4113 1269 4191; x_wconf 88' lang='lat' dir='ltr'>Noster,</span> <span class='ocrx_word' id='word_1_259' title='bbox 1294 4121 1448 4196; x_wconf 56' lang='lat' dir='ltr'>incumbant</span> 
     </span>
     <span class='ocr_line' id='line_1_32' title="bbox 153 4184 1409 4302; baseline -0.002 -18"><span class='ocrx_word' id='word_1_260' title='bbox 153 4220 285 4300; x_wconf 87' lang='lat' dir='ltr'>aliique</span> <span class='ocrx_word' id='word_1_261' title='bbox 300 4216 333 4280; x_wconf 90' lang='lat' dir='ltr'>in</span> <span class='ocrx_word' id='word_1_262' title='bbox 350 4215 544 4299; x_wconf 88' lang='lat' dir='ltr'>episcopatu</span> <span class='ocrx_word' id='word_1_263' title='bbox 562 4216 679 4280; x_wconf 87' lang='lat' dir='ltr'>iratres</span> <span class='ocrx_word' id='word_1_264' title='bbox 696 4218 797 4302; x_wconf 92' lang='lat' dir='ltr'>quiin</span> <span class='ocrx_word' id='word_1_265' title='bbox 815 4217 933 4283; x_wconf 89' lang='lat' dir='ltr'>Galliis</span> <span class='ocrx_word' id='word_1_266' title='bbox 949 4228 1027 4282; x_wconf 92' lang='lat' dir='ltr'>sunt</span> <span class='ocrx_word' id='word_1_267' title='bbox 1039 4217 1140 4280; x_wconf 88' lang='lat' dir='ltr'>alacri</span> <span class='ocrx_word' id='word_1_268' title='bbox 1155 4217 1268 4281; x_wconf 88' lang='lat' dir='ltr'>volen·</span> <span class='ocrx_word' id='word_1_269' title='bbox 1294 4184 1409 4261; x_wconf 53' lang='lat' dir='ltr'>opem</span> 
     </span>
    </p>
   </div>
   <div class='ocr_carea' id='block_1_13' title="bbox 154 4315 1446 4408">
    <p class='ocr_par' dir='ltr' id='par_1_15' title="bbox 154 4315 1446 4408">
     <span class='ocr_line' id='line_1_33' title="bbox 154 4315 1446 4408; baseline -0.009 -18"><span class='ocrx_word' id='word_1_270' title='bbox 154 4325 255 4408; x_wconf 89' lang='lat' dir='ltr'>tique</span> <span class='ocrx_word' id='word_1_271' title='bbox 271 4319 386 4384; x_wconf 90' lang='lat' dir='ltr'>animo</span> <span class='ocrx_word' id='word_1_272' title='bbox 401 4321 550 4403; x_wconf 88' lang='lat' dir='ltr'>pergatis</span> <span class='ocrx_word' id='word_1_273' title='bbox 566 4320 758 4386; x_wconf 90' lang='lat' dir='ltr'>incumbere</span> <span class='ocrx_word' id='word_1_274' title='bbox 773 4325 815 4386; x_wconf 96' lang='lat' dir='ltr'>ad</span> <span class='ocrx_word' id='word_1_275' title='bbox 828 4321 1048 4387; x_wconf 88' lang='lat' dir='ltr'>excolendam</span> <span class='ocrx_word' id='word_1_276' title='bbox 1072 4321 1266 4384; x_wconf 90' lang='lat' dir='ltr'>iuvandam·</span> <span class='ocrx_word' id='word_1_277' title='bbox 1294 4315 1390 4366; x_wconf 62' lang='lat' dir='ltr'>cotenu</span> <span class='ocrx_word' id='word_1_278' title='bbox 1421 4323 1446 4364; x_wconf 56' lang='grc' dir='ltr'>οἱ</span> 
     </span>
    </p>
   </div>
   <div class='ocr_carea' id='block_1_14' title="bbox 197 399 202 1160">
    <p class='ocr_par' dir='ltr' id='par_1_16' title="bbox 197 399 202 1160">
     <span class='ocr_line' id='line_1_34' title="bbox 197 399 202 1160; baseline 0 0"><span class='ocrx_word' id='word_1_279' title='bbox 197 399 202 1160; x_wconf 95' lang='lat' dir='ltr'> </span> 
     </span>
    </p>
   </div>
   <div class='ocr_carea' id='block_1_15' title="bbox 0 0 1652 4886">
    <p class='ocr_par' dir='ltr' id='par_1_17' title="bbox 0 0 1652 4886">
     <span class='ocr_line' id='line_1_35' title="bbox 0 0 1652 4886; baseline 0 1"><span class='ocrx_word' id='word_1_280' title='bbox 0 0 1652 4886; x_wconf 95' lang='lat' dir='ltr'> </span> 
     </span>
    </p>
   </div>
  </div>
 </body>
</html>
