3222 4888
441 277 491 326 ne
518 275 682 328 nosauro
710 276 880 325 tramam.
1142 277 1209 344 193

107 417 312 501 dubitamus,
328 427 408 508 quin
426 427 520 489 multi
539 449 556 488 e
573 422 852 490 christifidelibus
877 425 990 487 animo
1017 425 1143 488 alacres
1160 426 1209 491 iu·
1260 435 1344 538 SEssT
1365 503 1369 512 ,

105 522 170 584 turi
187 525 263 604 sint,
279 530 335 610 qui
352 538 422 592 tum
441 529 549 594 eidem
564 529 743 594 Sodalitati
760 529 840 592 dent
854 548 986 604 nornen,
998 539 1070 592 tum
1084 532 1209 594 eximie
1272 524 1351 612 1895:

105 629 264 694 studeant
281 633 370 697 bona
386 634 514 710 intima,
530 652 616 716 quae
633 634 862 714 exposuimus,
878 633 1019 718 ³⁵⁵9<I¹¹l=
1036 633 1092 697 5¹¹²
1113 637 1209 699 nimi·
1310 665 1387 714 Sada-

50 801 52 805 .
106 749 179 794 rum
197 735 318 815 quibus
334 738 420 801 rati0
436 748 469 801 et
496 737 748 820 quodammodo
774 756 824 800 res
853 735 985 799 Rosarii
1011 738 1210 803 continetur.
1237 728 1387 780 liumexem.

1232 795 1276 858 plo
1287 793 1359 844 inva-
1462 817 1465 822 ·

104 834 165 899 Ab
181 839 340 922 exemplo
364 849 477 905 autem
503 841 678 908 Sodalium
704 841 810 904 maior
832 843 999 924 quaedam
1025 845 1210 909 reverentia
1237 859 1391 925 lescerapud

104 949 139 1001 et
161 941 268 1023 pietas
289 964 368 1027 erga
392 945 501 1026 ipsum
531 945 663 1008 Rosarii
687 944 813 1007 cultum
838 945 880 1006 ad
907 954 1034 1008 ceteros
1060 949 1210 1012 manabit
1237 927 1388 1040 ffiffl'

105 1041 236 1109 fideles:
249 1049 306 1130 qui
323 1051 367 1112 ita
382 1050 533 1127 excitati,
543 1049 722 1131 ampliores
738 1049 935 1131 impendent
951 1067 1047 1111 curas
1064 1059 1109 1128 ut,
1119 1053 1210 1132 quod
1237 1055 1276 1104 πῖ
1285 1056 1376 1108 cultus.

104 1148 216 1212 Nobis
240 1153 562 1218 desideratissimum
588 1163 648 1231 est,
673 1155 868 1218 eorumdem
893 1151 1089 1217 salutarium
1106 1155 1210 1220 bono·

104 1273 180 1315 rum
197 1257 328 1338 copiam
342 1258 477 1322 abunde
494 1258 702 1340 participent.

153 1357 248 1424 Haec
267 1362 374 1426 Nobis
391 1363 492 1445 igitur
507 1363 677 1445 praelucet
693 1383 779 1444 spes,
794 1363 856 1425 hac
881 1362 1034 1426 ducimur
1051 1372 1153 1446 atque
1177 1365 1209 1428 in
1287 1345 1389 1462 'sm

102 1463 209 1526 tantis
226 1465 428 1546 reipublicae
443 1466 575 1530 damnis
600 1466 698 1529 valde
713 1485 918 1529 recreamur:
943 1486 1029 1548 quae
1055 1476 1091 1529 ut
1112 1465 1211 1548 plena
1239 1464 1357 1529 Pomrfex

104 1569 276 1646 succedat,
292 1570 365 1652 ipsa
377 1581 519 1634 exorata
531 1569 653 1634 efficiat
666 1571 797 1632 Rosarii
811 1571 981 1633 inventrix
994 1580 1027 1633 et
1042 1571 1211 1652 magistra,
1232 1535 1388 1644 ill-mlii.

103 1673 173 1736 Dei
190 1682 223 1738 et
238 1673 413 1738 hominurn
427 1675 545 1752 Mater,
555 1675 693 1738 MARIA.
705 1675 791 1736 Fore
807 1683 918 1736 autern
932 1676 1042 1737 vestra
1058 1675 1208 1738 omniurn
1233 1659 1389 1790 ἔπῃ

100 1797 217 1859 opera,
242 1777 461 1841 Venerabiles
487 1778 631 1855 Fratres,
654 1775 863 1852 confidimus,
888 1789 925 1840 ut
949 1779 1153 1840 documenta
1178 1788 1210 1840 et
1238 1755 1375 1867 litsfrpos

101 1890 186 1946 vota
204 1881 329 1945 Nostra
345 1883 386 1944 ad
406 1880 606 1944 familiarum
626 1881 893 1963 prosperitatem,
909 1881 951 1943 ad
969 1901 1087 1961 pacem
1104 1901 1210 1963 popu·
1232 1857 1314 1920 pulis.

101 1986 214 2050 lorum
246 1995 279 2050 et
310 2006 411 2050 omne
441 1986 568 2049 bonum
600 1985 764 2048 eveniant.
788 2018 832 2028 —
857 1975 990 2048 interea
1021 1986 1210 2050 divinorum
1282 2021 1390 2072 Benedi-

100 2109 282 2154 munerum
300 2091 469 2173 auspicem
486 2109 524 2152 ac
541 2089 795 2154 benevolentiae
813 2087 956 2151 Nostrae
974 2097 1104 2166 testem,
1117 2088 1211 2153 vobis
1238 2085 1279 2136 cit.

100 2194 247 2278 singulis
264 2204 297 2258 et
313 2193 402 2258 clero
418 2193 611 2278 populoque
629 2205 741 2256 vestro
757 2192 990 2274 Apostolicam
1001 2192 1211 2257 ‚benedictio-

101 2317 185 2362 nem
202 2309 413 2380 peramanter
430 2299 462 2361 in
480 2297 630 2362 Domino
646 2297 866 2378 impertimus.

149 2403 280 2467 Datum
310 2403 441 2466 Romae
469 2402 558 2484 apud
591 2399 624 2465 S.
654 2401 789 2465 Petrum
817 2401 872 2464 die
902 2413 971 2464 V111
1000 2399 1212 2482 Septembris

105 2520 339 2596 MDcccxct11‚
356 2505 575 2570 Pontificatus
592 2505 707 2568 Nostri
724 2525 814 2568 anno
828 2505 961 2568 decimo
973 2513 1081 2568 sexto.

760 2671 854 2736 LEO
881 2671 942 2733 ΡΡ.
968 2669 1070 2734 XIII.
