3296 4886
278 1361 308 1408 1⁶
391 1351 633 1426 Viffiffisstlo
659 1357 765 1438 magis
790 1355 938 1421 fidelium
963 1379 1043 1440 erga
1067 1359 1296 1423 beatissimam
1322 1359 1501 1444 Virginem

253 1422 332 1537 lltssll
390 1411 578 1728 EC
602 1457 854 1524 Carmelitidem
878 1461 1013 1525 devotio
1038 1471 1196 1544 augescat
1224 1471 1258 1526 et
1273 1463 1390 1546 pietas,
1411 1462 1503 1526 unde

391 1505 417 1650 ξ
552 1501 578 1652 ξ
600 1581 716 1626 eorum
732 1563 853 1638 animis
870 1565 1026 1628 uberrimi
1043 1573 1077 1628 et
1093 1565 1254 1630 salutiferi
1271 1566 1398 1630 fructus
1414 1566 1501 1628 deri-

278 1641 366 1690 ⁶⁰”“'
599 1686 677 1730 vare
693 1679 843 1749 possunt,
859 1668 934 1751 piae
950 1668 1169 1751 postulationi
1179 1669 1292 1734 dilecti
1304 1669 1362 1733 lilii
1378 1669 1503 1734 Aloisii

214 1705 254 1754 dir
280 1707 366 1754 Panti-

207 1769 257 1834 fix
274 1770 364 1847 maut-
395 1771 523 1835 Mariae
540 1769 638 1850 Galli,
648 1771 770 1836 summi
787 1773 1006 1836 moderatoris
1017 1771 1155 1838 Ordinis
1166 1773 1201 1836 B.
1214 1771 1261 1837 M.
1272 1772 1314 1838 V.
1327 1775 1370 1838 de
1381 1773 1503 1838 Monte

210 1844 365 1964 prm-²52²
393 1873 549 1940 Carmelo
564 1874 698 1938 Veteris
726 1875 968 1942 Obseruantiae
984 1875 1130 1959 benigne
1156 1877 1315 1956 inclinati,
1340 1877 1501 1960 peculiari

215 1967 366 2095 quo‘tssf‘i
393 1978 567 2062 privilegio
600 1978 845 2044 Carmelitanas
870 1979 1039 2045 Ecclesias
1070 1981 1275 2064 locupletare
1310 1981 1503 2046 statuimus.

394 2080 609 2165 Quapropter
624 2083 667 2145 de
683 2082 935 2165 Omnipotentis
952 2083 1017 2147 Dei
1035 2083 1261 2148 misericordia
1275 2103 1315 2148 ac
1331 2084 1398 2149 BB.
1412 2083 1503 2147 Petri

393 2197 427 2250 et
444 2187 539 2250 Pauli
556 2186 798 2269 Apostolorum
824 2189 907 2253 Eius
933 2190 1133 2255 auctoritate
1156 2189 1281 2267 conlisi,
1294 2191 1450 2254 omnibus
1466 2199 1503 2253 et

393 2291 534 2374 singulis
550 2293 721 2377 utriusque
742 2313 844 2357 sexus
860 2293 1130 2358 christifidelibus
1154 2315 1231 2360 vere
1251 2295 1504 2376 poenitentibus

393 2405 427 2458 et
443 2395 603 2460 confessis
629 2417 667 2461 ac
694 2397 725 2463 S.
744 2397 991 2462 Communione
1015 2399 1155 2476 refectis,
1170 2399 1227 2481 qui
1243 2397 1428 2480 quamlibet
1455 2417 1503 2460 ex

249 2527 278 2574 in
293 2526 366 2574 eccle·
395 2499 554 2564 Ecclesiis
570 2501 621 2564 vel
645 2501 819 2584 quodlibet
836 2522 880 2564 ex
904 2501 1045 2585 publicis
1062 2501 1228 2569 Oratoriis
1251 2505 1321 2568 sive
1344 2503 1502 2566 Fratrum

215 2591 366 2720 “lli’“ffp'jj
393 2610 462 2670 sive
479 2606 680 2672 Monialium
697 2607 841 2670 universi
869 2605 1006 2672 Ordinis
1022 2605 1260 2671 Carmelitidis.
1275 2617 1348 2672 tum
1366 2605 1504 2672 Calcea-

216 2664 289 2771 llle
308 2723 366 2770 unt·
393 2719 504 2776 torum
521 2718 593 2776 tum
608 2711 887 2776 Excalceatorum
901 2710 1023 2792 ubique
1038 2709 1188 2775 locorum
1204 2710 1505 2788 existentibus,die

216 2788 367 2902 mm]
394 2815 525 2880 decima
538 2825 636 2879 sexta
653 2813 776 2879 mensis
794 2813 871 2879 Iulii
887 2817 1047 2896 cuiusque
1059 2815 1148 2892 anui,
1163 2835 1230 2897 qua
1240 2813 1404 2878 festivitas
1421 2811 1504 2876 Dei·

217 2917 369 3032 }t'gffl1'1l2„1l¹¹'2
395 2937 495 3001 parae
511 2917 661 3002 Virginis
684 2918 727 2982 de
743 2919 862 2982 Monte
878 2917 1035 2984 Carmelo
1051 2918 1245 2996 celebratur,
1261 2939 1281 2981 a
1297 2917 1413 3000 primis
1429 2936 1504 2981 ves-

247 2985 369 3098 mnf„
396 3023 483 3106 peris
499 3042 604 3106 usque
620 3024 662 3088 ad
678 3041 834 3086 occasum
852 3021 931 3086 solis
958 3021 1024 3084 diei
1040 3021 1232 3086 huiusmodi
1249 3023 1371 3086 devote
1387 3020 1502 3084 visita·

217 3113 370 3228 “Fbffifflf
396 3127 511 3204 verint,
527 3127 641 3208 ibique
661 3147 722 3210 pro
737 3125 994 3190 christianorum
1013 3125 1204 3208 Principum
1220 3125 1408 3202 concordia,
1424 3125 1504 3188 hae-

216 3214 369 3322 sqtconsul·
395 3249 506 3295 resum
531 3231 768 3314 extirpatione,
787 3237 1000 3313 peccatorum
1026 3231 1251 3309 conversione,
1267 3247 1306 3293 ac
1331 3229 1364 3294 S.
1382 3229 1536 3293 Matris·

217 3309 367 3425 {gnffl'
396 3335 568 3398 Ecclesiae
580 3333 798 3411 exaltatione,
813 3335 887 3416 pias
901 3333 944 3397 ad
963 3333 1073 3396 Deum
1090 3353 1204 3416 preces
1217 3331 1404 3410 effuderint,
1420 3351 1504 3415 quo·

395 3440 457 3504 ties
474 3441 506 3506 id
533 3439 670 3523 egerint,
686 3439 786 3504 toties
803 3437 991 3502 Plenariam
1013 3439 1164 3500 omnium
1192 3447 1406 3520 peccatorum
1425 3457 1503 3500 suo-

395 3564 467 3610 rum
486 3543 737 3627 Indulgentiam
761 3551 795 3606 et
819 3540 1059 3619 remissionem,
1081 3560 1184 3624 quam
1201 3542 1304 3605 etiarn
1325 3541 1504 3606 animabus

395 3647 670 3723 christifidelium,
686 3665 772 3728 quae
782 3645 858 3708 Deo
874 3645 907 3707 in
924 3645 1063 3709 caritate
1079 3631 1276 3710 coniunctae
1292 3646 1336 3709 ab
1351 3645 1414 3708 hac
1430 3644 1505 3708 luce

397 3750 621 3834 migraverint,
637 3769 696 3832 per
717 3749 855 3812 modum
872 3747 1022 3831 suffragii
1038 3749 1207 3830 applicare
1220 3747 1360 3832 possint,
1377 3747 1504 3811 miseri·

395 3855 539 3920 corditer
555 3855 588 3918 in
606 3854 756 3918 Domino
772 3853 996 3918 concedimus.
1008 3853 1085 3917 Non
1102 3853 1315 3918 obstantibus
1329 3855 1454 3918 Nostra
1470 3863 1506 3917 et

218 3943 369 4056 ,gij
396 3958 623 4025 Cancellariae
639 3957 857 4040 Apostolicae
879 3958 993 4041 regula
1008 3959 1051 4022 de
1073 3978 1138 4023 non
1155 3959 1379 4023 concedendis
1396 3954 1507 4020 indul·

219 4089 310 4122 ranem
330 4073 370 4150 vajs
396 4064 518 4149 gentiis
534 4064 577 4127 ad
602 4064 715 4142 instar,
730 4062 870 4146 aliisque
890 4061 1198 4128 Constitutionibus
1219 4073 1253 4128 et
1277 4060 1507 4130 Ordinationi-

218 4145 370 4254 ww]
396 4167 459 4233 bus
482 4167 698 4250 Apostolicis,
725 4167 909 4250 ceterisque
924 4169 1098 4230 contrariis
1114 4169 1389 4251 quibuscumque.
1410 4167 1507 4230 Prae·

216 4277 299 4320 ‘W
397 4271 549 4337 sentibus
576 4271 744 4354 perpetuis
767 4271 885 4336 futuris
913 4272 1120 4355 temporibus
1148 4271 1307 4336 valituris.
1336 4269 1506 4336 Volumus
