3250 4888
390 285 460 354 114
514 285 696 338 nmsrocn
715 281 929 336 ancrcmcn
949 271 971 300 “
990 283 1153 336 arnonas
1172 282 1239 333 our
1260 281 1413 334 narnis.
1431 259 1448 284 ''

385 439 570 517 subveniet,
585 449 712 522 quanta
728 449 762 504 et
774 441 914 518 caritate
931 437 1054 502 reficiet
1066 448 1100 502 et
1115 439 1238 502 virtute
1254 435 1424 502 firmabit!
1440 437 1503 500 Per

385 545 448 610 iter
459 543 625 621 euntibus,
637 543 752 608 divino
765 541 890 609 Christi
901 543 1065 627 sanguine
1075 551 1109 606 et
1121 541 1249 606 Mariae
1261 541 1406 606 lacrimis
1420 561 1499 606 cou-

385 659 561 729 secratum,
577 661 687 717 certus
697 651 759 716 erit
769 652 867 716 nobis
885 671 945 714 nec
958 650 1102 716 difficilis
1115 651 1229 715 exitus
1241 651 1285 714 ad
1301 647 1498 715 societatem

384 772 519 836 quoque
535 753 751 818 beatissimae
768 773 884 819 eorum
900 751 1027 838 gloriae
1051 753 1236 818 fruendam.

264 869 357 946 pung-
431 857 524 938 Ergo
540 857 721 922 Rosarium
751 857 880 922 Mariae
896 855 1054 940 Virginis
1070 858 1104 921 in
1121 877 1190 940 quo
1207 867 1288 940 apte
1304 857 1501 940 utiliterque

240 932 357 982 ”mm
385 958 552 1024 habentur
573 961 753 1026 coniuncta
769 971 802 1026 et
827 961 953 1024 eximia
982 961 1184 1043 precationis
1206 959 1349 1026 iormula
1364 971 1399 1024 et
1425 957 1500 1024 ido·

243 1000 359 1048 silanum

205 1061 279 1178 2132
280 1065 358 1179 Rcng
387 1085 486 1132 neum
503 1064 581 1130 fidei
592 1065 842 1132 conservandae
855 1067 1114 1130 instrumentum
1131 1075 1165 1130 et
1176 1065 1307 1148 insigne
1323 1065 1499 1148 specimen

207 1210 242 1254 n,
255 1209 293 1244 aas
312 1211 358 1244 au-
386 1169 553 1252 perfectae
562 1172 704 1250 virtutis,
716 1173 856 1254 dignum
870 1169 970 1255 plane
986 1181 1037 1236 est
1047 1170 1138 1255 quod
1155 1169 1224 1233 veri
1241 1169 1386 1234 nominis
1410 1168 1497 1232 chri·

204 1259 357 1390 ἕπῃ
385 1275 503 1340 stianis
519 1277 562 1340 sit
574 1275 765 1358 frequenter
780 1275 813 1338 in
828 1275 983 1340 manibus
994 1275 1116 1358 piaque
1133 1274 1329 1338 recitatione
1342 1283 1375 1338 et
1389 1273 1497 1338 medi·

206 1391 358 1468 aaeFamr-
386 1379 515 1444 tatione
542 1381 679 1445 colatur.
695 1417 738 1430 -
756 1379 851 1442 Haec
876 1388 989 1442 autem
1015 1378 1253 1443 commendata
1280 1376 1497 1460 singulariter

206 1457 360 1573 mam
386 1480 540 1547 volumus
560 1483 590 1547 ei
611 1480 861 1560 Consociationi,
887 1501 989 1563 quam
1012 1501 1118 1564 nuper
1148 1483 1250 1546 etiam
1281 1479 1497 1546 laudavimus

209 1589 348 1638 mmdc-
386 1583 602 1668 legitimeque
626 1585 849 1666 probavimus,
863 1605 886 1647 a
909 1583 1016 1649 Sacra
1040 1583 1190 1648 Familia
1217 1583 1432 1667 appellatam.
1457 1583 1495 1648 Si

206 1653 307 1705 dm
386 1687 521 1771 quidem
538 1687 621 1751 illud
639 1687 763 1753 Christi
774 1687 920 1751 'Domini
937 1689 1143 1770 mysterium,
1170 1689 1261 1770 quod
1284 1687 1388 1752 vitam
1405 1686 1495 1751 intra

385 1791 528 1874 parietes
564 1791 821 1856 Nazarethanae
854 1791 975 1854 domus
1007 1791 1145 1856 tacitam
1183 1792 1404 1874 abditamque
1438 1791 1497 1855 diu

385 1895 701 1980 transegerit,eidem
716 1893 965 1961 Consociationi
978 1893 1037 1958 dat
1048 1896 1266 1972 caussam,ita
1276 1905 1312 1959 ut
1322 1895 1365 1959 ad
1378 1913 1497 1960 exem·

383 1999 457 2083 plar
472 1998 635 2062 Familiae
651 1999 883 2062 sanctissimae
906 1997 1067 2062 divinitus
1091 2001 1296 2066 constitutae
1312 2019 1384 2064 sese
1406 1999 1495 2064 chri·

288 2127 290 2131 ·
383 2104 512 2168 stianae
528 2101 676 2167 familiae
691 2111 809 2166 curent
821 2101 939 2166 sedulo
955 2101 1174 2182 conformare,
1192 2104 1260 2168 iam
1277 2105 1347 2167 eius
1364 2104 1494 2187 perspi·

383 2225 446 2270 cua
460 2214 511 2270 est
536 2225 612 2270 curn
638 2205 780 2269 Rosario
796 2204 974 2288 singularis
1001 2207 1167 2288 quaedam
1194 2206 1408 2286 coniunctim
1424 2226 1495 2290 qua

384 2309 578 2392 praesertim
600 2309 721 2372 attinet
736 2309 779 2373 ad
798 2309 958 2391 mysteria
974 2309 1184 2391 gaudiorum,
1200 2311 1233 2374 in
1254 2329 1294 2374 eo
1321 2311 1395 2394 ipso
1411 2331 1495 2375 con-

382 2411 475 2476 clusa
495 2432 598 2495 quum
613 2415 716 2492 lesus,
738 2424 815 2496 post
838 2413 1043 2478 declaratam
1076 2413 1266 2496 intemplo
1291 2413 1493 2496 sapientiam

383 2535 488 2592 suam,
503 2535 579 2580 cum
597 2516 705 2580 Maria
722 2526 756 2581 et
774 2517 920 2599 Iosepho
947 2517 1038 2580 venit
1052 2517 1225 2582 Nazareth
1240 2528 1272 2581 et
1286 2527 1360 2581 erat
1381 2517 1494 2582 subdi-

383 2629 437 2682 tus
457 2618 534 2695 illis,
565 2630 676 2684 cetera
700 2621 794 2702 quasi
820 2621 987 2684 instruens
1015 2621 1184 2702 mysteria,
1200 2641 1287 2702 quae
1314 2619 1492 2686 hominum

383 2723 570 2788 doctrinam
601 2733 634 2788 et
660 2724 926 2806 redemptionem
952 2723 1089 2806 propius
1114 2721 1291 2789 efficerent.
1309 2723 1421 2807 Quare
1443 2725 1495 2788 vi·

383 2821 486 2886 deant
498 2821 690 2888 consociati
715 2841 832 2886 omnes
860 2841 961 2904 quam
989 2825 1031 2887 sit
1058 2843 1164 2902 suum,
1180 2824 1325 2888 cultores
1357 2821 1492 2888 Rosarii

383 2933 484 3008 atque
496 2927 597 2988 etiam
611 2935 850 3009 propagatores
867 2946 939 2990 sese
955 2927 1134 3010 diligentes
1149 2928 1317 3011 praebere.

250 3045 356 3094 Consus·
428 3029 601 3114 Quantum
619 3040 669 3094 est
693 3051 738 3094 ex
755 3029 872 3107 Nobis,
896 3037 968 3094 rata
996 3027 1158 3114 firmaque
1182 3031 1347 3096 habemus
1378 3049 1495 3094 sacrae

220 3111 355 3240 ‘Mem
382 3133 611 3217 indulgentiae
643 3155 788 3213 munera,
813 3135 1040 3219 superioribus
1064 3136 1162 3199 annis
1188 3153 1357 3212 concessa,
1372 3153 1491 3198 eorum

247 3241 355 3318 conada
381 3239 489 3323 gratia
512 3240 568 3321 qui
594 3241 766 3303 octobrem
799 3258 949 3303 mensem
976 3237 1039 3303 rite
1066 3238 1109 3302 ad
1134 3259 1174 3302 ea
1195 3239 1268 3321 ipsa
1286 3237 1496 3320 praescripta

226 3308 355 3423 emi.
382 3345 530 3428 egerint:
547 3355 674 3408 vestrae
697 3355 819 3421 autem,
836 3341 1055 3408 Venerabiles
1072 3343 1214 3420 Fratres,
1240 3341 1433 3406 auctoritati
1457 3351 1493 3405 et

231 3439 356 3552 {ml}
380 3447 547 3512 sollertiae
569 3449 667 3512 valde
683 3449 870 3525 tribuimus,
885 3455 923 3510 ut
939 3467 1000 3528 par
1016 3457 1117 3529 atque
1139 3457 1241 3511 antea
1264 3447 1297 3510 in
1314 3445 1492 3510 catholicis

225 3575 353 3618 urcurmr
380 3551 536 3634 gentibus
564 3551 671 3616 caleat
696 3551 813 3636 religio
837 3559 871 3615 et
894 3550 1068 3615 contentio
1100 3561 1216 3617 sancta
1241 3553 1284 3617 ad
1306 3551 1496 3634 Virginem,

222 3631 354 3764 γέἷξὲζζ
381 3655 646 3722 Christianorum
661 3657 881 3732 Adiutricem,
898 3654 1030 3719 Rosarii
1047 3674 1145 3736 prece
1169 3655 1355 3720 colendam.
1372 3691 1416 3703 -—
1440 3655 1493 3719 At

198 3765 354 3829 pan'acan-
380 3779 466 3837 vero,
491 3761 579 3823 unde
604 3781 724 3824 exorsa
751 3771 802 3824 est
833 3759 1020 3824 cohortatio
1047 3757 1181 3837 Nostra,
1197 3759 1276 3823 inde
1308 3757 1420 3841 placet
1448 3759 1492 3822 ad

202 3828 354 3946 Zmn
380 3866 509 3928 exitum
527 3871 654 3947 pergat,
670 3866 790 3929 iterum
807 3859 1021 3946 apertiusque
1037 3865 1194 3928 testando
1217 3881 1317 3947 quem
1335 3862 1492 3926 fovemus

379 3987 457 4052 erga
476 3990 633 4053 magnam
652 3969 716 4035 Dei
730 3970 935 4035 Genitricem
952 3971 1102 4034 animum
1119 3979 1152 4032 et
1178 3987 1361 4034 memorem
1385 3966 1489 4032 bene·

235 4103 285 4152 p„
304 4101 353 4152 Εἰ,
379 4067 527 4136 ficiorum
559 4083 593 4137 et
616 4075 688 4157 spei
718 4073 854 4157 plenum
887 4071 1098 4138 laetissimae.
1115 4071 1283 4155 Suffragia
1314 4069 1492 4135 christiani

245 4169 320 4218 ‘²³³5‘
330 4174 354 4217 ‘i
378 4175 493 4257 populi
505 4177 548 4240 ad
562 4180 632 4241 eius
648 4197 722 4240 aras
737 4175 946 4260 pientissime
961 4177 1181 4258 supplicantis
1197 4194 1302 4258 aeque
1326 4193 1493 4256 rogamus

262 4241 311 4298 pm
329 4249 353 4282 κ
379 4279 549 4344 Ecclesiae
561 4285 687 4360 caussa,
703 4291 773 4346 tarn
791 4281 937 4346 adversis
959 4281 1224 4358 turbulentisque
1241 4281 1385 4346 iactatae
1402 4291 1493 4345 tem·
