3216 4880
313 307 366 357 AD
394 307 498 357 FIDEI
527 307 729 358 UNITATEM
757 305 1012 358 COHORTATIO.
1137 285 1203 354 281

1295 395 1325 428 20

102 481 212 545 neque
235 462 425 526 dissociatis
449 461 622 544 utriusque
648 461 842 536 rationibus,
865 461 1008 524 reddant
1024 461 1112 524 cives
1127 479 1210 541 quae
1266 442 1358 557 ¹,le

100 577 180 630 sunt
198 565 356 645 Caesaris,
375 565 517 643 Caesari,
531 585 614 648 quae
628 575 706 628 sunt
720 565 793 643 Dei,
809 565 885 629 Dea.

147 671 256 736 Simili
284 674 387 736 modo
410 689 569 754 magnum
588 670 708 733 unitati
724 671 902 733 discrimen
919 670 963 732 ab
979 689 1018 733 ea
1034 668 1208 732 hominum
1313 693 1387 758 Mag-

101 784 193 838 secta
208 773 402 856 impendet,
425 793 512 858 quae
536 772 728 837 Massonica
751 773 952 848 nominatur,
968 773 1061 836 cuius
1078 771 1209 834 funesta
1236 761 1388 872 maffeii

102 883 152 946 vis
181 885 334 947 nationes
359 882 553 964 praesertim
582 881 764 946 catholicas
788 881 913 944 iamdiu
931 881 1062 964 premit.
1078 880 1209 943 Turbu-
1236 890 1351 938 mereim·

102 987 269 1052 lentorum
285 995 476 1068 temporum
493 993 594 1049 nacta
609 985 768 1063 savorem,
784 985 974 1067 viribusque
990 993 1024 1048 et
1040 985 1160 1066 opibus
1177 991 1210 1046 et
1230 953 1390 1070 ima,

101 1115 255 1160 successu
283 1094 495 1172 insolescens,
521 1093 734 1157 dominatum
761 1113 858 1156 suum
888 1092 1015 1156 firmius
1043 1093 1208 1156 constabi·
1235 1086 1390 1200 mg&

101 1201 169 1276 lire,
192 1197 359 1281 latiusque
374 1217 561 1280 propagare
578 1217 711 1261 summa
727 1217 791 1279 ope
808 1197 989 1260 contendit.
1009 1197 1148 1278 lamque
1164 1215 1208 1257 ex
1228 1217 1344 1280 semper

101 1303 229 1366 latebra
256 1312 289 1367 et
315 1301 444 1365 insidiis
471 1303 505 1364 in
529 1300 637 1364 lucem
654 1301 763 1382 erupit
779 1301 962 1376 civitatum,
979 1311 1080 1381 atque
1095 1301 1129 1363 in
1146 1299 1208 1362 hac
1235 1287 1366 1410 mm

102 1407 197 1473 Urbe
222 1409 304 1488 ipsa,
328 1405 485 1469 catholici
510 1405 655 1470 nominis
683 1407 842 1487 principe,
868 1406 962 1488 quasi
992 1405 1057 1468 Dei
1084 1423 1208 1470 numen
1234 1419 1316 1470 satur,

101 1512 296 1576 lacessitura
320 1510 480 1572 consedit.
505 1507 606 1592 Quod
624 1529 703 1573 vero
719 1509 1048 1574 calamitosissimum
1065 1518 1125 1585 est,
1138 1508 1209 1570 ubi-

99 1635 244 1698 cumque
266 1613 445 1696 vestigium
462 1614 586 1696 posuit,
601 1613 647 1676 ibi
665 1613 697 1676 in
715 1633 834 1677 omnes
846 1633 919 1676 sese
935 1613 1070 1676 ordines
1087 1611 1120 1674 in
1138 1632 1209 1674 om-

99 1725 223 1806 niaque
253 1723 408 1786 instituta
440 1719 644 1803 reipublicae
672 1721 780 1798 infert,
811 1723 838 1785 si
870 1721 1008 1785 tandem
1041 1739 1208 1784 summam

97 1832 341 1912 arbitriumque
367 1829 529 1894 obtineat.
558 1828 895 1894 Calamitosissimum
912 1829 946 1893 id
964 1829 1121 1911 quidem:
1138 1831 1208 1893 eius

97 1943 188 2007 enirn
217 1939 396 2005 manifesta
422 1950 474 2003 est
498 1959 602 2022 quum
630 1940 827 2022 opinionum
845 1939 994 2022 pravitas
1010 1949 1082 2003 tum
1100 1939 1207 2003 consi-

96 2045 218 2108 liorum
246 2043 404 2126 nequitia.
429 2043 492 2106 Per
507 2043 652 2124 speciem
671 2043 861 2107 vindicandi
877 2043 958 2106 iuris
974 2043 1111 2106 humani
1128 2043 1206 2106 civi·

96 2149 206 2230 lisque
221 2147 392 2211 societatis
409 2147 657 2224 instaurandae,
673 2147 892 2210 christianum
906 2167 1029 2210 nomen
1040 2147 1206 2230 hostiliter
1231 2195 1320 2228 „„„„

96 2259 205 2340 petit:
231 2257 391 2321 traditam
408 2277 428 2320 a
446 2255 523 2320 Deo
539 2256 728 2320 doctrinam
746 2257 918 2338 repudiat:
936 2255 1045 2320 officia
1062 2257 1206 2338 pietatis,
1232 2245 1388 2360 mma

96 2362 212 2426 divina
239 2371 459 2438 sacramenta,
485 2360 569 2425 tales
588 2381 638 2424 res
663 2362 883 2443 augustiores,
899 2371 1074 2443 tamquam
1092 2380 1204 2443 super·
1232 2376 1357 2426 modrim-

95 2464 230 2528 stitiosa
245 2466 412 2546 vituperat
428 2488 435 2528 :
451 2465 494 2528 de
510 2463 736 2542 matrimonio,
751 2464 795 2528 de
810 2463 945 2539 familia,
958 2465 1000 2527 de
1013 2463 1205 2528 adolescen-
1228 2449 1356 2506 pugnans,

96 2575 185 2636 tium
209 2573 430 2650 institutione,
454 2574 497 2637 de
522 2574 653 2656 privata
676 2573 768 2638 omni
798 2582 831 2637 et
858 2573 992 2656 publica
1020 2574 1207 2656 disciplina,

96 2681 316 2746 christianam
334 2680 476 2745 formam
493 2682 668 2746 detrahere
683 2683 812 2760 nititur,
823 2702 1027 2764 omnemque
1038 2683 1206 2747 humanae
1232 2707 1359 2758 turmae

96 2796 133 2850 et
160 2785 295 2849 divinae
320 2785 497 2867 potestatis
515 2787 734 2849 reverentiam
752 2807 795 2850 ex
813 2786 927 2850 animo
942 2785 1084 2849 evellere
1100 2805 1205 2866 popu·
1231 2773 1385 2889 mallit-³²²

95 2892 216 2955 lorum.
230 2889 396 2972 Praecipit
412 2909 490 2953 vero
506 2888 682 2953 colendam
700 2891 828 2953 homini
841 2911 913 2955 esse
927 2901 1092 2967 naturam,
1104 2899 1206 2973 atque
1232 2911 1384 2968 versanspo-

95 2996 196 3060 huius
224 2997 321 3060 unius
338 2996 510 3079 principiis
527 2996 695 3060 aestimari
717 3017 756 3059 ac
773 2996 870 3078 dirigi
888 2999 1074 3075 veritatem,
1102 2997 1205 3060 hone·
1233 2977 1384 3100 {wem

97 3115 233 3185 statem,
252 3106 415 3170 iustitiam
440 3112 605 3186 oportere.
630 3103 708 3186 Quo
728 3114 838 3187 pacto,
854 3106 902 3169 uti
921 3109 1131 3188 perspicuum
1149 3114 1209 3181 est,
1233 3101 1374 3216 {mcl-

96 3213 313 3298 compellitur
338 3215 441 3278 homo
468 3213 519 3276 ad'
540 3231 649 3276 mores
673 3212 740 3276 lere
756 3215 911 3295 vitaeque
926 3216 1206 3279 consuetudinem
1234 3238 1269 3284 ra.
1448 3239 1451 3246 ’

96 3323 318 3400 ethnicorum,
341 3339 486 3403 eamque
504 3318 736 3402 multiplicatis
753 3321 917 3384 illecebris
935 3323 1150 3387 vitiosiorem.
1166 3357 1209 3370 -

99 3429 176 3490 Hac
203 3427 245 3490 de
276 3446 320 3503 re,
345 3443 550 3508 quamquam
579 3424 662 3488 alias
687 3444 707 3487 a
733 3425 840 3490 Nobis
868 3427 1131 3510 gravissimeque
1158 3435 1209 3488 est

95 3534 237 3611 dictum,
252 3533 455 3615 Apostolica
471 3541 585 3596 tamen
604 3531 778 3614 vigilantia
795 3533 995 3597 adducimur
1013 3535 1045 3598 in
1063 3535 1153 3599 idem
1171 3548 1208 3602 ut
1233 3497 1385 3614 dmm-J

96 3643 301 3719 insistamus,
327 3641 427 3706 etiam
456 3647 558 3722 atque
582 3640 683 3703 etiam
701 3649 887 3718 monentes,
903 3641 935 3703 in
953 3651 1023 3705 tam
1041 3647 1208 3724 praesenti
1230 3629 1365 3758 giam·

96 3746 245 3830 periculo
272 3744 381 3810 nullas
408 3767 481 3811 esse
508 3749 681 3813 cautiones
712 3759 835 3828 tantas,
863 3752 944 3834 quin
976 3755 1208 3836 suscipiendae

96 3857 165 3918 sint
194 3855 345 3920 maiores.
374 3855 532 3920 Clemens
560 3857 737 3940 prohibeat
766 3859 859 3922 Deus
889 3859 1015 3926 nefaria
1046 3864 1207 3928 consilia:
1274 3908 1386 3970 Nm

97 3961 222 4024 sentiat
238 3969 351 4024 tamen
369 3970 471 4042 atque
487 3961 654 4043 intelligat
667 3963 812 4044 populus
822 3963 1034 4044 christianus,
1044 3967 1207 4050 indignis·
1233 3975 1314 4038 ipsius
1323 3989 1376 4023 con·

97 4072 220 4134 simum
246 4081 357 4136 sectae
382 4071 497 4152 iugum
523 4074 765 4136 excutiendum
793 4074 976 4158 aliquando
997 4097 1206 4144 esse:excu·
1229 4039 1375 4169 mi&

97 4177 251 4258 tiantque
261 4175 403 4252 enixius,
413 4177 470 4257 qui
482 4177 597 4240 durius
614 4188 820 4260 premuntur,
833 4179 909 4243 Itali
921 4189 953 4243 et
966 4179 1063 4246 Galli.
1074 4181 1206 4265 Quibus
1225 4171 1370 4285 [qunque

99 4280 210 4356 armis,
222 4300 289 4362 qua
306 4280 436 4344 ratione
452 4280 486 4343 id
504 4281 625 4344 rectius
641 4283 781 4363 possint,
797 4283 863 4344 iarn
882 4284 955 4346 Nos
972 4285 1035 4366 ipsi
1048 4279 1205 4352 demons-
1231 4251 1384 4352 :imibnnue'x-
