3216 4880
251 530 1051 614 LITTERAEAPOSTOLICAE

185 787 187 791 ,
273 730 339 788 oa
369 729 654 790 o1scn³u1un
681 730 1030 792 ORIENTALmM
1113 689 1114 700 Ν

311 897 670 959 consauvnunn
698 900 758 960 aa·
785 901 996 962 sunnon.

132 1292 247 1304 —
285 1227 526 1280 RIENTALIUM
555 1213 703 1298 dignitas
735 1217 973 1296 Ecclesiarum,
1004 1224 1204 1302 pervetustis
1265 1220 1337 1306 ,ng
1440 1249 1442 1252 ·

308 1337 417 1380 rerum
435 1321 663 1383 monumentis
680 1319 794 1403 eisque
820 1322 1006 1404 insignibus
1034 1332 1205 1390 commen·
1270 1319 1343 1382 ’894-

98 1227 285 1603 Q}
307 1422 397 1498 data,
414 1441 572 1504 magnam
589 1423 693 1487 habet
711 1433 783 1490 toto
798 1424 981 1490 christiano
1008 1430 1089 1493 orbe
1105 1452 1204 1496 vene·
1262 1434 1384 1510 ecclesio

306 1527 469 1590 rationem
497 1537 530 1590 et
565 1526 717 1610 gloriam.
746 1526 849 1610 Apud
883 1530 956 1593 illas
990 1537 1090 1611 enim,
1121 1537 1205 1603 inita
1229 1500 1363 1628 2:225ssss

99 1633 340 1716 benignissimo
352 1633 417 1698 Dei
427 1633 567 1696 consilio
580 1634 748 1697 humanae
760 1635 1000 1717 redemptionis
1013 1641 1205 1724 primordia,
1231 1630 1355 1745 ami·

100 1739 248 1803 celeriter
263 1741 306 1803 ad
323 1759 362 1804 ea
378 1760 598 1824 properavere
614 1741 831 1818 incrementa,
849 1753 884 1804 ut
902 1743 1017 1808 laudes
1032 1751 1204 1828 apostola·
1231 1762 1292 1825 ipsis
1303 1762 1360 1810 reu·-

101 1856 153 1909 tus
169 1857 202 1910 et
216 1847 365 1928 martyrii
381 1847 556 1912 doctrinae
567 1857 601 1910 et
618 1849 807 1911 sanctitatis
824 1850 931 1930 primo
948 1851 1075 1916 honore
1086 1854 1205 1922 florue-
1226 1827 1384 1942 {mam

101 1955 174 2031 rint,
186 1955 329 2036 primam
341 1954 633 2020 saluberrimorum
652 1956 820 2020 fructuum
837 1955 1000 2022 laetitiam
1028 1961 1206 2030 ediderint.
1230 1958 1325 2036 inieris,
1336 1973 1365 2006 ‘¹‘

104 2060 157 2124 Ex
174 2061 237 2124 illis
248 2071 361 2126 autem
378 2061 550 2145 perampla
561 2061 799 2126 beneficiorum
818 2063 866 2124 vis
878 2065 910 2126 in
928 2073 1056 2130 ceteros
1068 2067 1206 2154 latepo-
1230 2029 1385 2140 ppncprqreupc

101 2167 197 2248 pulos
208 2170 290 2233 mire
300 2167 937 2250 profluxit;quumbeatissimusPetrus,
948 2170 1102 2254 princeps
1125 2196 1204 2258 apo.
1231 2154 1383 2272 grymi·

102 2277 209 2340 stolici
225 2275 359 2350 ordinis,
377 2275 596 2357 multiplicem
615 2276 733 2338 erroris
753 2275 891 2359 vitiique
917 2279 1116 2357 pravitatem
1141 2283 1207 2346 dis·

103 2383 256 2458 iecturuS,
268 2382 379 2444 lumen
396 2381 545 2445 veritatis
562 2381 705 2459 divinae,
727 2382 937 2465 evangelium
966 2385 1066 2466 pacis,
1085 2387 1209 2454 Christi

103 2487 292 2550 libertatem
311 2489 343 2548 in
362 2487 533 2550 dominam
547 2487 697 2569 gentium
716 2487 831 2552 urbem
849 2490 985 2553 caelesti
1002 2494 1139 2556 numine
1162 2496 1210 2559 in-

103 2594 232 2660 tulit.-
242 2595 292 2658 At
303 2594 461 2657 Ecclesiis
472 2595 699 2660 Orientalibus
714 2595 870 2660 Romana
880 2598 1211 2678 potissimumeccle-

103 2703 225 2766 siarum
237 2701 387 2764 omniurn
399 2711 591 2784 caput,sane
604 2712 768 2784 quantum
780 2703 916 2766 honoris
928 2713 962 2768 et
974 2707 1121 2770 caritatis
1132 2709 1210 2773 inde
1234 2684 1385 2800 ,ffisspfff'

103 2830 123 2873 a
136 2809 296 2872 memoria
309 2807 493 2889 apostolica
507 2809 653 2872 tribuere
663 2811 837 2872 consuevit
848 2820 881 2872 et
893 2830 995 2892 quam
1008 2811 1097 2876 fideli
1113 2815 1207 2878 obse·
1234 2830 1311 2864 urana
1327 2832 1387 2865 sem-

103 2918 184 2999 quio
199 2915 343 2979 vicissim
370 2914 507 2978 laetari:
524 2916 739 2997 easdemque,
756 2937 814 2998 per
841 2918 932 2980 varia
957 2919 1080 2985 deinde
1107 2932 1208 3006 atque
1232 2886 1387 2995 mmm

104 3021 224 3085 acerba
250 3030 412 3100 tempora,
429 3038 642 3102 nequaquam
671 3021 744 3102 ipsa
773 3020 912 3096 destitit,
938 3025 1148 3104 providentia
1177 3039 1210 3092 et
1235 3011 1360 3142 {2¹ssssng

105 3127 333 3204 benefactisa
360 3125 494 3188 iacturis
519 3126 654 3208 erigere,
681 3125 854 3189 devinctas
876 3127 1027 3206 retinere,
1055 3151 1211 3197 revocare
1237 3149 1280 3202 esr,

105 3235 285 3300 discordes.
302 3233 421 3315 Neque
438 3231 593 3296 ultimum
612 3231 692 3295 illud
710 3231 772 3295 luit
790 3232 985 3314 vigilantiae
1001 3235 1157 3316 officium,
1174 3251 1210 3305 ut

106 3344 256 3427 proprias
272 3343 432 3424 cuiusque
448 3339 618 3404 orientalis
629 3341 738 3422 gentis
751 3344 1011 3406 consuetudines
1024 3365 1209 3408 sacrorum·
1324 3361 1388 3424 ipsa-

105 3471 171 3534 que
199 3451 354 3526 rationeS,
370 3467 453 3531 quas
469 3469 529 3529 pro
546 3457 717 3529 potestate
733 3456 766 3512 et
782 3451 949 3532 sapientia
965 3472 1024 3514 sua
1042 3451 1209 3534 legitimas
1236 3441 1362 3538 {xm

105 3557 278 3631 edixisset,
294 3555 441 3636 integras
456 3554 489 3617 in
516 3555 571 3617 eis
591 3565 756 3638 perpetuo
772 3557 956 3620 custodiret
972 3579 1011 3621 ac
1038 3569 1209 3625 tueretur:
1235 3555 1389 3670 fimare

105 3664 199 3727 cuius
216 3663 261 3725 rei
278 3662 482 3724 documento
499 3660 604 3725 multa
621 3671 699 3732 sunt
711 3681 796 3744 quae
811 3661 1010 3728 Decessores
1023 3664 1211 3744 Pontifices,
1237 3637 1388 3736 diirici‘ossocir-

104 3791 183 3834 eum
212 3769 327 3851 primis
355 3769 432 3831 Pius
461 3767 512 3830 lX
534 3766 586 3832 iel.
613 3787 684 3845 rec,
710 3769 761 3830 vel
789 3769 858 3832 suis
884 3771 946 3853 ipsi
972 3772 1055 3834 actis
1084 3771 1135 3834 vel
1153 3792 1212 3854 per
1237 3753 1389 3868 {fflffu

106 3895 238 3941 sacrum
262 3873 449 3939 Consilium
474 3872 657 3937 christiano
683 3874 811 3937 nomini
829 3876 1049 3958 propagando
1066 3876 1211 3957 pruden-

105 3983 236 4048 tissime
246 3988 453 4044 censuerunt.
470 4017 513 4028 -
526 3981 604 4043 Non
623 3980 751 4044 minore
768 3981 909 4062 permoti
924 3981 996 4044 Nos
1009 3982 1213 4064 adductique
1271 4009 1338 4058 snas
1353 4011 1389 4074 p.

105 4088 229 4165 studio,
245 4089 307 4152 sub
333 4089 404 4170 ipsa
433 4085 649 4170 pontificatus
667 4087 771 4164 initia,
787 4087 828 4150 ad
846 4087 1044 4150 christianas
1063 4087 1213 4152 Orientis
1239 4076 1379 4190 gssfezjm

105 4196 261 4260 nationes
283 4194 397 4259 oculos
413 4204 625 4278 peramanter
637 4195 873 4261 convertimus.
884 4195 1129 4258 Maturavimus
1142 4193 1213 4276 qui·
1240 4207 1368 4255 ruscum

1005 4301 1012 4315 .
1153 4299 1160 4312 ·
1242 4271 1359 4334 Pontifex

105 4302 186 4366 dem
208 4301 358 4366 conserte
377 4320 472 4365 curas
488 4301 530 4365 ad
547 4321 661 4365 earum
677 4300 870 4366 allevandas
888 4298 1213 4376 necessitatesalras·
1239 4337 1358 4402 exponit,-
