3222 4888
270 301 320 355 Du
348 299 470 350 REBUS
499 296 800 350 ECCLESIASTICIS
829 292 1030 346 POLONIAE.
1134 292 1207 359 249

100 453 313 533 languescere
339 451 371 511 in
411 448 591 530 propositis
618 448 661 511 ab
683 447 797 528 eisque
834 443 984 509 deficere.
1019 442 1139 523 Itaque
1166 461 1206 503 eo
1246 461 1372 550 Mfflm

99 555 196 620 simul
222 554 412 637 pertineant
439 572 539 616 curae
566 562 696 615 vestrae
724 559 761 613 ut
792 547 1024 611 sacerdotibus
1051 545 1206 626 apposite
1270 561 1342 624 1894·

98 660 286 740 praebeatis
315 677 383 740 quo
414 659 526 719 studia
551 655 726 720 doctrinae
755 652 899 716 recolere
927 651 1058 734 possint
1085 658 1119 712 et
1144 669 1202 712 au·
1222 675 1360 741 summ,

54 799 55 803 ’
97 783 184 842 Here·
201 763 232 824 ln
260 763 376 844 primis
402 781 470 842 quo
497 759 690 822 contentius
725 758 867 840 possint,
895 753 1131 834 redintegratis
1157 751 1206 812 in·
1225 743 1384 871 1322*er

96 867 228 930 terdum
256 866 445 928 animorum
473 861 609 940 viribus,
635 871 669 925 et
695 860 892 942 perfectioni
921 877 1040 920 vacare
1065 876 1145 918 suae
1173 864 1207 916 et
1229 872 1307 936 possit
1317 880 1371 920 sru-

95 969 235 1033 allorum
258 970 483 1049 sempiternae
508 967 608 1030 saluti
633 965 803 1046 prodesse.
828 999 871 1014 -
898 961 1018 1024 Talem
1045 979 1115 1034 vos,
1138 958 1204 1022 Ve-
1231 937 1383 1066 zzss‘lp’jo

96 1069 260 1134 nerabiles
286 1071 430 1145 Fratres,
467 1069 529 1132 rite
560 1069 594 1131 in
625 1068 731 1132 oculis
760 1067 879 1130 vestris
911 1064 1070 1128 eductum
1103 1073 1207 1144 atque
1226 1069 1366 1144 priqepqr-

95 1179 273 1256 probatum
306 1175 333 1237 si
365 1173 549 1237 habueritis
580 1171 716 1248 clerum,
741 1169 893 1234 sentietis
925 1165 1078 1250 proiecto
1109 1166 1204 1229 vobis
1224 1133 1352 1197 sectzms.

98 1279 264 1361 pastorale
292 1298 424 1354 munus,
441 1297 506 1340 non
538 1275 675 1339 allevari
693 1275 813 1352 solum,
833 1273 1010 1337 sedetiam
1033 1271 1206 1335 abundare

96 1387 220 1468 optatis
245 1386 277 1447 in
303 1405 404 1467 grege
426 1383 610 1446 fructibus:
636 1402 778 1465 quorum
807 1381 885 1443 licet
914 1398 1047 1461 sperare
1071 1379 1203 1458 copiam
1232 1347 1385 1462 mnffissf

96 1514 116 1555 a
132 1493 208 1555 cleri
227 1493 376 1556 maxime
392 1490 551 1572 exemplo
573 1497 607 1552 et
623 1498 761 1552 actuosa
776 1488 923 1550 caritate.
1231 1487 1383 1594 :mm
1457 1499 1461 1507 '

141 1594 301 1657 Eiusdem
318 1593 466 1657 caritatis
483 1601 709 1674 praeceptum,
736 1591 827 1673 quod
846 1607 1003 1670 magnum
1020 1588 1054 1649 in
1072 1585 1206 1650 Christo
1232 1611 1325 1660 nanda.

97 1706 155 1771 est,
187 1698 344 1760 omuibus
368 1717 412 1760 ex
439 1696 556 1778 quovis
587 1696 704 1758 ordine
742 1691 1113 1758 commendatissimum
1152 1689 1204 1766 sit,
1231 1675 1383 1791 miffi‘m

97 1799 198 1882 idque
225 1800 347 1882 singuli
376 1799 533 1883 perficere
559 1799 727 1875 studeant,
755 1777 1041 1880 quemadmodum
1061 1795 1204 1858 Ioannes
1230 1808 1364 1854 vinculum

100 1915 213 1967 monet
240 1903 423 1986 apostolus,
439 1915 528 1985 opere
542 1913 573 1965 et
587 1902 749 1966 veritate:
776 1901 870 1964 nullo
886 1900 974 1963 enirn
989 1899 1055 1962 alio
1072 1897 1205 1961 vinculo
1222 1871 1367 1986 {¹123}st

99 2020 156 2074 aut
184 2011 351 2093 praesidio
377 2021 531 2073 constare
558 2010 599 2073 ad
618 1991 809 2074 firmitatem
828 2007 974 2070 familiae
1002 2015 1035 2068 et
1052 2005 1204 2067 civitates
1232 2003 1371 2130 'rma‘

101 2123 252 2195 possunt,
280 2134 397 2197 neque,
420 2114 453 2176 id
482 2115 572 2196 quod
601 2112 704 2194 pluris
726 2121 786 2188 est,
813 2111 1013 2175 christianae
1030 2108 1204 2189 dignitatrs
1231 2131 1325 2198 confert

98 2217 218 2278 merita
244 2217 392 2300 adipisci.
416 2216 514 2300 Quae
541 2214 614 2278 Nos
640 2216 899 2290 considerantes,
922 2212 1204 2294 deplorantesque
1230 2198 1383 2312 siit'j'jfjggf

96 2329 167 2382 tam
196 2319 301 2382 multa
329 2320 417 2383 mala
442 2329 477 2383 et
501 2317 1202 2400 acerba,eoposthabitodimissoveprae-
1256 2281 1272 2328 g
1367 2298 1373 2311 ⁸

96 2435 206 2503 cept0,
223 2421 355 2503 publice
384 2433 417 2487 et
434 2423 590 2506 privatim
619 2433 806 2499 consecuta,
839 2440 1082 2502 saepenumero
1098 2419 1130 2480 iu
1148 2439 1202 2480 ea·
1231 2452 1273 2492 m,
1286 2379 1381 2492 ml

50 2511 53 2520 ’
94 2526 172 2588 dem
190 2547 224 2588 re
241 2527 476 2608 Apostolicam
493 2547 610 2590 vocem
627 2526 815 2590 edidimus:
831 2524 1045 2606 singulariter
1062 2521 1202 2584 fecimus
1223 2511 1381 2638 mimz..

93 2649 154 2712 per
170 2629 296 2694 litteras
312 2632 508 2714 encyclicas,
524 2651 664 2714 quarum
681 2631 814 2695 initium
832 2640 883 2692 est
892 2629 1019 2692 Rerum
1034 2646 1204 2701 novarum,
1230 2641 1354 2704 tatisjam
1366 2657 1402 2689 a.

93 2731 152 2794 ubi
168 2732 330 2814 principia
346 2733 529 2810 retulimus,
544 2733 586 2796 ad
604 2751 756 2797 caussam
773 2733 815 2796 de
832 2732 1026 2796 conditione
1042 2726 1202 2810 opificum
1230 2706 1366 2821 {¹252}ssss

92 2855 140 2897 ex
156 2835 295 2898 veritate
311 2846 344 2900 et
361 2837 530 2918 aequitate
546 2835 740 2917 evangelica
756 2836 981 2900 dirimendam
999 2834 1139 2916 aptiora.
1153 2830 1204 2892 Ea
1230 2838 1260 2914 df
1271 2837 1353 2912 conde

92 2937 167 3018 ipsa
192 2958 289 3014 nunc,
314 2942 473 3002 renovata
488 2937 728 3016 admonitione,
756 2939 971 3002 inculcamus.
989 2935 1116 3002 Sancta
1133 2953 1204 2996 mo·
1230 2911 1297 3027 m,
1311 2901 1381 2966 opfi-

91 3052 193 3105 vente
219 3054 251 3106 et
267 3045 411 3107 ducente
435 3045 583 3118 caritate,
600 3052 761 3126 quantam
779 3043 945 3107 catholica
968 3043 1135 3116 instituta,
1152 3059 1203 3101 so·
1230 3035 1384 3148 {mm

91 3144 210 3207 dalitia
237 3145 412 3220 artificum,
448 3157 566 3210 mutuo
591 3146 829 3228 opitulantium
863 3145 1141 3222 consociationes,
1169 3142 1203 3208 id
1227 3173 1373 3228 promoven.

91 3267 199 3329 genus
216 3247 318 3330 plura,
343 3251 410 3312 vim
428 3249 576 3312 habeant
591 3249 820 3331 virtutemque
837 3249 887 3311 vel
905 3249 947 3312 ad
967 3247 1139 3311 leniendas
1156 3259 1204 3312 te·
1230 3229 1382 3344 ἴξιὶξῖζξῗ

91 3354 246 3416 nuiorum
275 3373 451 3416 aerumnas
479 3353 530 3416 vel
547 3355 589 3418 ad
608 3351 759 3418 infimam
790 3353 922 3436 plebem
940 3363 1029 3416 recte
1052 3353 1204 3416 erudien·
1231 3377 1267 3438 eq,
1281 3360 1370 3436 sodqlt'·

90 3457 182 3533 dam,
212 3468 365 3538 apertum
394 3459 602 3539 experiendo
635 3469 713 3522 est:
745 3459 932 3540 quiautem
961 3457 1202 3520 consiliumvel
1230 3424 1381 3540 xm„

91 3562 339 3638 auctoritatem,
354 3564 530 3642 pecuniam
543 3563 593 3626 vel
610 3583 747 3644 operam
766 3563 807 3626 ad
820 3563 884 3624 ista
896 3561 1070 3625 conferant
1087 3563 1120 3623 in
1131 3562 1203 3642 qui·
1230 3557 1364 3672 mm·

91 3666 155 3729 bus
172 3666 311 3729 vertitur
327 3666 509 3730 multorum
526 3666 626 3742 salus,
642 3667 743 3730 etiam
765 3667 978 3748 sempiterna,
994 3666 1015 3727 ii
1033 3666 1203 3729 verissime
1229 3689 1348 3737 consocia-

91 3771 135 3832 de
151 3770 311 3852 religione
327 3781 360 3833 et
377 3771 420 3834 de
435 3771 563 3834 civibus
580 3772 647 3834 suis
663 3780 899 3852 promerentur
916 3771 1057 3852 egregie.
1230 3755 1316 3803 ‘W'

139 3873 194 3936 Ad
223 3875 313 3949 haec,
329 3876 421 3956 genti
451 3875 598 3938 Polonae
624 3878 779 3939 universe
795 3876 894 3952 dicta,
919 3886 1011 3939 certa
1033 3876 1198 3957 quaedam
1287 3885 1327 3934 112

90 3977 255 4039 subiicere
276 3977 367 4052 libet,
393 3998 478 4060 quae
510 3979 716 4062 singulatim,
749 4001 809 4060 pro
840 3979 988 4043 locorum
1021 3980 1054 4042 in
1083 3981 1202 4060 quibus
1245 3963 1374 4079 ᾶέζὶζὲυ,

88 4079 270 4142 versamini
297 4079 501 4153 conditione,
528 4083 601 4144 usui
628 4079 697 4145 sore
713 4101 913 4146 censemus:
941 4092 1043 4165 atque
1056 4083 1141 4146 adeo
1157 4104 1202 4147 ex
1239 4083 1370 4157 taspanes

88 4183 144 4245 his
171 4183 251 4262 ipsis
276 4202 362 4263 quac
388 4185 543 4247 dedimus
571 4185 707 4248 monitis
736 4187 902 4267 quaedam
932 4185 1012 4249 libet
1037 4207 1077 4250 eo
1102 4187 1201 4250 altius
1227 4148 1378 4278 ,ἑῗῑῖῗζὲζ

89 4289 124 4350 in
158 4287 279 4350 animis
311 4289 428 4352 vestris
459 4288 613 4372 defigere.
646 4327 690 4338 -
721 4289 796 4353 Vos
838 4290 997 4373 primum,
1023 4301 1060 4354 ut
1091 4291 1201 4373 plures
1227 4319 1255 4360 10
1277 4311 1382 4361 Parenos
