3216 4880
433 373 438 382 1
473 281 544 368 276
637 291 818 344 mussona
845 289 1078 341 spostonrcs
1107 275 1123 304 ·‘
1146 289 1378 338 euaserant.
1394 263 1410 290 ’⁹

471 390 1541 412 Ν

294 480 336 514 rae
348 463 433 511 unita·
471 446 562 530 quod
579 447 642 508 hoc
658 455 810 526 tempore
826 443 1013 524 perspicere
1029 443 1062 504 in
1073 441 1293 504 orientalibus
1304 441 1453 503 videmur
1464 441 1543 501 multo

312 528 445 643 'Qum
472 551 637 614 mitiorem
651 567 730 628 erga
740 543 1095 628 catholicosanimum,
1107 544 1175 606 imo
1185 544 1442 625 propensionem
1455 559 1542 623 quan-

317 660 446 774 gumi!
470 656 549 718 dam
563 649 796 716 'benevolentis
814 648 1004 712 voluntatis,
1023 649 1064 710 ld
1080 648 1279 710 nominatim
1294 665 1361 709 non
1377 645 1476 708 multo
1488 655 1543 704 ante

310 741 443 848 alm}
470 761 634 844 apparuit,
650 777 727 820 cum
752 757 880 820 scilicet
908 757 1040 832 nostris,
1056 755 1192 836 pietatis
1208 759 1323 817 caussa
1344 755 1377 816 in
1396 751 1540 818 Orientem

293 857 442 970 bfif'cm·
468 865 627 938 advectis,
643 862 779 944 egregia
796 861 1016 924 humanitatis
1034 859 1271 942 amicitiaeque
1287 858 1448 940 praestita
1462 855 1544 920 officia

244 1023 247 1029 .
309 988 442 1063 ‹eeaeprqe-
469 969 621 1033 vidimus
638 1003 682 1014 —
698 967 819 1047 Itaque
835 986 870 1028 os
884 965 1045 1028 Nostrum
1053 973 1145 1046 patet
1158 964 1206 1026 ad
1219 985 1284 1041 ves,
1299 971 1466 1046 quotquot
1480 960 1547 1022 estis.

292 1059 442 1166 {magn
469 1094 589 1155 graeco
604 1071 711 1135 aliove
728 1070 881 1133 orientali
900 1069 975 1147 ritu,
992 1068 1165 1132 Ecclesiae
1181 1068 1370 1132 catholicae
1393 1065 1545 1131 discordes.

471 1177 679 1258 Magnopere
705 1173 857 1250 velimus,
884 1181 1018 1256 reputet
1044 1173 1275 1255 unusquisque
1301 1173 1394 1253 apud
1423 1191 1457 1233 se
1480 1168 1546 1230 illan

471 1279 677 1342 Bessarionis
694 1277 736 1340 ad
754 1285 865 1359 patres
882 1286 1010 1341 vestros
1026 1277 1162 1360 plenam
1186 1277 1310 1339 amoris
1333 1275 1548 1358 gravitatisque

469 1384 666 1446 orationem:
683 1381 773 1460 Quae
783 1381 874 1444 nobis
883 1381 1085 1463 relinquetur
1091 1379 1183 1462 apud
1190 1380 1298 1444 Deum
1310 1381 1551 1460 responsiepunre·

469 1511 490 1550 a
493 1488 667 1566 fratribus
681 1485 787 1549 divisi
786 1486 968 1566 fuerimus,
979 1506 1058 1566 quos
1078 1496 1115 1547 ut
1135 1485 1245 1548 ureiret
1263 1495 1296 1547 et
1309 1484 1358 1546 ad
1370 1505 1472 1546 unum
1491 1479 1550 1542 art

471 1593 636 1674 redigeret,
650 1591 714 1671 ipse
725 1589 889 1652 deseendit
902 1589 941 1652 de
951 1589 1045 1666 caele,
1062 1589 1255 1652 incarnatus
1265 1599 1298 1652 et
1311 1587 1484 1669 crucifixus
1495 1594 1532 1645 est
1537 1582 1550 1642 ..⁹

470 1716 553 1776 quae
563 1703 674 1756 nostra
690 1692 833 1770 defensio
844 1691 909 1754 erit
919 1691 1011 1774 apud
1017 1701 1160 1774 posteros
1170 1701 1295 1754 nostros
1305 1691 1326 1754 Ρ
1336 1689 1550 1771 nonpatiamur

471 1799 554 1872 haec,
567 1797 687 1859 Patres
708 1796 844 1877 optimi:
861 1817 923 1857 non
939 1793 1118 1858 habeamus
1131 1795 1215 1858 leone
1225 1795 1434 1870 sententiam,
1452 1813 1506 1855 non
1519 1791 1550 1850 ite

419 1987 447 1997 ..
471 1905 556 1967 male
582 1901 674 1965 nobes
699 1901 905 1964 consulamus
924 1909 956 1976 et
979 1902 1108 1966 nostris.
1124 1939 1167 1950 -
1188 1901 1286 1985 Quae
1311 1903 1380 1964 sint
1409 1900 1551 1984 postulata

293 1986 446 2100 sarmul?
472 2003 606 2077 Nostra,
623 2001 725 2081 probe
741 2021 799 2082 per
816 2021 852 2064 se
868 2003 940 2082 ipsa
967 2011 1001 2073 et
1017 2021 1129 2065 coram
1148 2001 1223 2064 Deo
1248 2003 1457 2084 perpendite
1475 1999 1549 2060 uun

294 2119 357 2165 νίκα
369 2133 445 2166 »zove-
472 2109 607 2190 quidem
626 2107 774 2170 humana
792 2128 834 2185 rc,
851 2108 909 2170 sed
926 2108 1066 2172 caritate
1082 2108 1206 2184 divina,
1222 2109 1479 2190 communisque
1489 2104 1550 2168 salu·

293 2185 446 2308 ᾌζαςῇἵζ
472 2212 515 2276 tis
528 2211 641 2274 studio
652 2211 804 2292 permoti,
821 2209 1126 2274 reconciliationem
1143 2211 1484 2293 coniunctionemque
1497 2225 1549 2270 cm

341 2314 448 2428 eandam
473 2315 626 2380 Ecclesia
655 2333 795 2376 romana
820 2315 1026 2378 suademus:
1057 2315 1329 2378 coniunctionem
1358 2312 1550 2392 intelligimus

257 2435 261 2445 '
296 2393 449 2508 jfflq‘usse
474 2419 608 2502 plenam
625 2437 663 2480 ac
680 2417 862 2497 perlectam
882 2417 981 2479 :talis
1004 2417 1093 2481 eninr
1119 2437 1193 2482 esse
1219 2416 1313 2481 nullo
1339 2419 1445 2480 modo
1468 2423 1551 2498 potest

292 2511 447 2642 penbufffm
474 2542 522 2599 ea,
538 2540 624 2602 quae
641 2519 723 2582 nihil
741 2519 886 2602 amplius
903 2520 1050 2597 inducat,
1066 2539 1166 2602 quam
1184 2530 1310 2584 certam
1330 2519 1480 2603 aliquam
1495 2518 1552 2594 dog·

296 2649 395 2718 oporeer,
412 2641 447 2718 lius
475 2635 604 2687 matum
640 2624 884 2686 credendorum
912 2624 1127 2686 concordiam
1156 2621 1395 2706 iratemaeque
1434 2618 1553 2687 caritatis

316 2708 449 2837 reg-m
474 2728 784 2792 commutationem.
812 2725 903 2790 Vera
939 2728 1131 2791 coniunctio
1169 2729 1256 2792 inter
1287 2730 1487 2793 christianos
1513 2740 1554 2787 esr,

351 2837 449 2886 unitate
476 2853 575 2915 quam
592 2841 709 2896 auctor
726 2829 897 2893 Ecclesiae
914 2831 1022 2896 IESUS
1033 2831 1223 2898 CHRISTuS
1237 2833 1384 2897 instituit
1402 2833 1555 2909 voluitque.

309 2910 447 2952 ‘mmm'
476 2939 508 2998 in
527 2935 602 3002 fidei
620 2945 653 2999 et
670 2934 841 3016 regiminis
857 2935 987 2998 unitate
1003 2937 1200 3000 consistens.
1217 2937 1331 3019 Neque
1345 2945 1398 3000 est
1412 2959 1470 3000 cur
1487 2931 1553 2996 duli-

371 3067 452 3117 Nupo
476 3038 558 3114 tetis,
574 3039 757 3120 quidquam
775 3047 953 3119 propterea
969 3037 1020 3100 vel
1039 3035 1110 3100 Nos
1126 3039 1178 3102 vel
1205 3059 1417 3102 successores
1441 3037 1554 3102 Nostros

300 3133 359 3249 {2²2⁶
368 3133 451 3248 53qu
477 3144 519 3205 de
531 3142 600 3205 iure
615 3151 734 3217 vestro,
747 3141 789 3204 de
801 3139 1078 3222 patriarchalibus
1090 3141 1282 3224 privilegiis,
1293 3143 1335 3206 de
1348 3141 1464 3205 rituali
1476 3139 1555 3201 cuius·

316 3263 445 3328 talesjure
478 3265 543 3328 que
570 3245 741 3308 Ecclesiae
760 3243 1003 3308 consuetudine
1026 3246 1245 3310 detracturos.
1256 3245 1395 3329 Quippe
1405 3247 1468 3308 hoc
1478 3242 1552 3304 etim

301 3345 453 3454 mima
477 3349 550 3428 sust,
561 3350 718 3432 idemque
735 3358 785 3412 est
801 3359 964 3431 perpetuo
975 3349 1122 3414 futurum
1136 3352 1169 3414 in
1181 3351 1322 3414 consilio
1331 3348 1552 3432 disciplinaque

360 3475 451 3522 magna
478 3451 698 3534 Apostolicae
715 3450 812 3515 Sedis
836 3453 993 3532 positum,
1008 3453 1151 3534 propriis
1173 3453 1335 3535 cuiusque
1350 3453 1470 3536 populi
1484 3446 1553 3527 orig·

301 3531 453 3653 &AC-{222⁸
479 3557 576 3620 nibus
593 3554 810 3636 moribusque
823 3575 867 3618 ex
884 3575 992 3637 aequo
1007 3566 1041 3619 et
1057 3557 1148 3620 bono
1163 3576 1229 3622 non
1251 3577 1352 3640 parce
1368 3557 1517 3621 tribuere.
1529 3585 1553 3596 -

370 3706 454 3769 Ipsius
478 3660 528 3724 At
540 3679 619 3722 vero
628 3658 853 3740 redintegrata
864 3659 1037 3722 nobiscum
1051 3661 1422 3739 communione,mirum
1435 3659 1554 3744 protecto

334 3771 455 3848 liturgiae
479 3773 606 3848 quanta
632 3761 792 3825 Ecclesiis
811 3763 936 3826 'vestris
957 3763 1116 3846 dignitas,
1143 3773 1306 3848 quantum
1331 3765 1446 3842 decus,
1469 3761 1555 3826 divino

318 3837 455 3965 22:225!ss
480 3887 625 3944 munere,
649 3865 795 3929 accedet.
812 3864 869 3930 Sic
896 3865 997 3948 igitur
1024 3877 1170 3932 vestram
1186 3869 1336 3953 ipsorum
1365 3865 1555 3951 supplicatio·

356 3969 455 4016 “tila“
480 3991 557 4034 nem
575 3970 667 4033 Deus
684 3967 888 4051 perbenigne
907 3970 1032 4048 audiat,
1047 3971 1117 4034 Fac
1137 3981 1257 4036 cessent
1277 3971 1459 4036 schismata
1482 3961 1555 4029 Eccle-

312 4031 456 4148 mm
479 4074 609 4138 siarum
624 4071 676 4156 (¹),
701 4081 812 4154 atque,
831 4071 998 4154 Congrega
1023 4074 1183 4156 disperses
1202 4084 1234 4138 et
1256 4075 1355 4138 reduc
1373 4083 1519 4142 errantes,
1536 4073 1556 4124 ti

1513 4209 1552 4222 ‘-

513 4319 530 4351 r.
547 4304 650 4353 lludcou
664 4297 695 4351 τὰ
710 4317 744 4368 ss·
748 4295 843 4364 ι’σματα
856 4301 909 4350 τῶν
922 4295 1070 4363 ἐκκλησιῶν
1083 4303 1122 4362 (In
1130 4307 1207 4365 liturg.
1222 4304 1349 4365 &Basiliil
