3250 4888
664 771 729 832 Da:
756 772 910 833 SECTA
938 771 1227 834 MASSONUM.

1483 880 1490 890 1

722 903 819 932 nm
1464 898 1468 905 '

625 948 640 967 ι’
662 946 680 967 a*
698 946 720 965 ι’
736 946 756 966 P·
773 945 793 965 ι’
810 945 819 966 ι’
847 946 866 965 r'*
884 946 904 966 ι*
921 952 927 966 r
958 946 975 965 ι’
995 946 1015 967 ι”
1032 954 1038 966 r
1079 947 1089 955 '⁴
1106 953 1112 967 a
1153 947 1163 955 ¹*
1180 954 1185 967 r
1217 948 1235 967 r*
1254 948 1275 967 ι’*
1290 948 1310 968 a*
1328 950 1348 968 a*
1374 950 1385 959 f
1412 950 1419 959 '
1439 950 1457 968 ι’

462 1056 714 1284 ωὲΝΙΜΙοΑ
740 1043 799 1120 vis,
827 1041 989 1106 instinctu
1016 1042 1231 1127 impulsuque
1252 1043 1332 1108 mali
1363 1045 1501 1108 daemo-

218 1053 542 1374 ἓξὲξ.
539 1058 660 1284 Eois
683 1163 759 1210 cum
796 1144 980 1209 christiano
1011 1148 1147 1210 nomine
1178 1157 1273 1211 sueta
1311 1147 1503 1230 confligere,

419 1121 571 1374 ..Β
595 1261 702 1316 certos
718 1250 870 1315 homines
898 1249 960 1315 sibi
990 1270 1122 1334 semper
1137 1252 1330 1329 adiunxits
1321 1273 1353 1316 m
1370 1253 1404 1318 id
1421 1273 1503 1318 con·

212 1343 363 1461 “nim
537 1361 575 1435 dg
597 1357 741 1420 sociatos
768 1363 804 1418 ut
832 1353 972 1418 traditas
1000 1355 1161 1420 divinitus
1190 1356 1360 1420 doctrinas
1384 1357 1503 1421 dedite

253 1477 362 1526 hostibus
389 1466 490 1548 opera
519 1469 714 1546 pervertere,
737 1457 913 1542 ipsamque
937 1459 1155 1523 christianam
1174 1461 1416 1542 rempublicam
1449 1461 1501 1526 di

212 1543 303 1592 mm
313 1543 361 1592 Ec
389 1568 537 1634 strahere
564 1565 703 1629 funestis
730 1563 876 1628 dissidiis
908 1572 1118 1628 conarentur.
1152 1565 1269 1648 Atque
1294 1567 1377 1629 istae
1408 1563 1504 1630 velut

211 1608 297 1658 clasiae
311 1592 404 1658 Deis

224 1669 362 1723 indictum
388 1671 595 1754 compositae
610 1668 653 1733 ad
670 1669 959 1751 oppugnationem
976 1667 1139 1746 cohortes,
1152 1687 1252 1732 nemo
1269 1669 1375 1734 nescit
1394 1688 1503 1753 quan-

212 1745 363 1853 Mirravero
389 1786 460 1842 tam
478 1773 648 1840 Ecclesiae
663 1770 793 1836 cladem
810 1773 903 1835 omni
919 1781 1070 1854 tempore
1086 1772 1267 1837 attulerint.
1285 1809 1328 1822 -
1346 1773 1504 1839 Iamvero

212 1875 363 1984 ...rm
390 1889 565 1956 sectarum,
579 1884 746 1960 quotquot
756 1885 855 1940 antea
869 1873 979 1939 suere
970 1876 1132 1940 institutis
1147 1875 1321 1940 catholicis
1337 1877 1503 1957 infensae,

278 1281 363 1330 Variis

16 1971 17 1974 ¹
119 1997 136 2006 ”
211 2014 302 2049 sonna.
390 1986 424 2050 in
449 2005 488 2048 ea
512 1985 663 2047 revixere
687 1981 832 2064 spiritus,
857 1999 942 2064 quae
968 1990 1053 2044 secta
1078 1979 1268 2046 Massom'ca
1298 1983 1505 2061 nominatur,

389 2105 543 2170 quaeque
567 2085 686 2150 virium
713 2095 747 2150 et
773 2104 876 2168 opum
904 2084 1024 2162 valida,
1051 2085 1246 2150 acerrimam
1273 2085 1361 2150 bello
1390 2085 1502 2150 facem

245 2217 347 2265 Hanca
389 2190 587 2272 praeferens,
610 2189 774 2272 quidquid
809 2207 951 2272 usquam
979 2189 1061 2252 sacri
1088 2199 1147 2265 est,
1172 2190 1375 2272 aggreditur.
1411 2190 1503 2254 Eam

235 2283 362 2396 “22⁶5st
388 2295 534 2377 quidem,
560 2293 650 2376 quod
683 2292 786 2375 probe
818 2292 932 2370 nostis,
965 2293 1088 2356 saeculi
1128 2294 1224 2358 unius
1255 2293 1502 2378 dimidiatique

262 2413 361 2476 saepius
387 2398 507 2481 spatio,
522 2415 735 2460 romanorum
754 2395 954 2460 Pontificum
976 2397 1189 2460 decessorum
1208 2396 1409 2462 Nostrorum
1432 2415 1503 2461 non

207 2478 361 2606 fflass'fjf*
387 2501 490 2566 semel
506 2499 565 2564 sed
585 2498 717 2581 saepius
733 2499 899 2562 sententia
922 2499 1135 2582 proscripsit:
1157 2500 1312 2564 eamdem
1337 2499 1503 2564 Nosmet·

211 2608 363 2733 'lame
388 2602 460 2685 ipsi,
477 2611 512 2666 ut
528 2601 714 2684 oportebat,
730 2602 976 2679 damnavimus,
999 2601 1135 2666 monitis
1160 2601 1377 2667 vehementer
1392 2622 1504 2686 popu·

237 2739 362 2800 „,y„„,·,·,
353 2707 428 2771 ’lis
443 2705 639 2786 christianis,
655 2718 691 2773 ut
707 2709 777 2772 eius
793 2708 931 2772 insidias
948 2727 1081 2773 summa
1096 2709 1307 2791 providentia
1330 2720 1499 2784 caverent,

234 2803 361 2879 'susam-
387 2822 594 2895 conatusque
625 2811 770 2876 nelarios
797 2810 935 2889 fortiter,
966 2822 1003 2876 ut
1033 2813 1178 2877 asseclas
1218 2813 1306 2878 IESU
1335 2812 1498 2878 CliRlS‘rt

207 2869 361 2985 pillqt'a‘fsffrz-
388 2917 494 2994 decet,
510 2915 699 2980 refutarent.
713 2914 805 3000 Quin
821 2917 932 2993 etiam,
943 2935 985 2980 ne
998 2917 1197 3000 obreperet
1189 2917 1323 3000 rgnavia
1339 2928 1374 2982 et
1385 2938 1499 3001 sopor,

213 3006 361 3113 ,is's‘m‘m'
387 3016 541 3082 consulto
556 3018 745 3082 studuimus
761 3027 872 3082 sectae
888 3019 1189 3100 perniciosissimae
1214 3019 1343 3104 aperire
1370 3029 1499 3103 myste-

388 3122 446 3199 ria,
459 3131 493 3185 et
508 3121 629 3203 quibus
644 3120 796 3186 artibus
786 3139 820 3184 rn
844 3121 1014 3185 excidium
1040 3121 1224 3186 catholicae
1253 3122 1299 3185 rei
1326 3123 1500 3200 niteretur,

270 3281 362 3331 erese.
388 3227 478 3292 velut
504 3226 635 3290 intento
662 3226 768 3308 digito
795 3227 1106 3290 demonstravimus.
1134 3263 1177 3274 -
1203 3225 1444 3301 Nihilominus,
1470 3227 1499 3290 si

269 3347 361 3396 ,naras
387 3329 481 3396 fateri
497 3329 650 3394 volumus
667 3331 699 3393 id
725 3331 815 3415 quod
841 3351 892 3394 res
920 3340 980 3408 est,
1004 3331 1167 3411 plurimos
1190 3331 1348 3395 italorum
1375 3350 1496 3413 parurn

213 3413 360 3539 Mssjjm'
386 3441 502 3497 cautos
517 3452 702 3516 parumque
718 3433 874 3515 providos
887 3431 1133 3498 inconsiderata
1146 3434 1313 3518 quaedam
1331 3433 1498 3498 securitas

210 3541 353 3594 catholicam
385 3535 483 3604 iacit:
476 3540 576 3603 ·ideo
593 3540 860 3622 magnitudinem
878 3540 1016 3622 periculi
1043 3550 1101 3604 aut
1128 3541 1268 3632 omnino¹
1285 3559 1352 3604 non
1369 3541 1497 3619 vident,

211 3609 299 3658 Frdem
387 3650 536 3706 autnon
563 3661 608 3705 ex
636 3645 774 3708 veritate
802 3645 991 3708 metiuntur.
1020 3641 1126 3726 Atqui
1155 3643 1237 3708 fides
1264 3645 1364 3722 avita,
1392 3655 1491 3727 parta

386 3749 578 3814 hominibus
595 3769 653 3830 per
671 3750 788 3815 IESUM
805 3751 1006 3817 CHRISTUM
1019 3752 1117 3826 salus,
1128 3761 1161 3816 et
1174 3752 1264 3835 quod
1281 3771 1494 3834 consequens

386 3861 446 3930 est,
472 3851 545 3936 ipsa
571 3852 771 3916 christianae
797 3852 1016 3917 humanitatis
1044 3851 1222 3916 benefacta
1247 3854 1281 3917 in
1297 3853 1494 3918 discrimine

385 3965 567 4022 vertuntur.
595 3954 767 4039 Siquidem
796 3957 877 4020 nihil
896 3958 1028 4034 timens,
1056 3957 1181 4021 nemini
1207 3959 1339 4037 cedens,
1366 3959 1494 4022 maiora

385 4060 535 4144 quotidie
551 4060 652 4124 audet
668 4069 759 4124 secta
776 4060 973 4124 Massonum
993 4083 1000 4124 :
1024 4069 1114 4125 totas
1137 4060 1289 4126 civitates
1306 4061 1398 4126 velut
1414 4081 1494 4125 con-

385 4163 477 4246 tagio
493 4163 623 4240 invasit,
639 4163 862 4247 omnibusque
878 4163 1079 4246 reipublicae
1096 4163 1258 4227 institutis
1271 4183 1307 4227 se
1319 4164 1493 4247 implicare

384 4268 484 4333 altius
500 4266 533 4330 in
549 4265 621 4331 dies
637 4266 761 4345 nititur,
776 4267 957 4345 coniurata,
974 4267 1064 4352 quod
1091 4267 1215 4350 passim
1240 4265 1334 4345 solet,
1350 4266 1493 4333 catholi-
