3222 4888
411 289 482 378 238
603 305 786 356 unsrota
814 292 834 320 ‘¹
854 305 1075 356 susceptum
1103 310 1127 356 A
1155 305 1278 357 notus,
1301 281 1318 309 '‘

410 476 555 554 eluxere,
570 473 790 540 Venerabiles
808 473 952 550 Fratres,
967 473 1024 555 qui
1049 473 1196 537 consiliis
1212 474 1368 555 votisque
1385 473 1509 538 Nostris

231 589 358 654 Episcopi,
409 589 479 642 tam
497 597 664 660 propensa
678 577 938 666 obtemperastis
954 576 1137 642 voluntate.
1156 577 1257 640 Libet
1277 587 1395 640 autem
1412 579 1511 641 nomi-

411 683 516 746 natim
533 701 796 745 commemorare
812 681 972 744 dilectum
991 679 1095 745 hlium
1110 680 1349 744 Desideratum
1369 681 1512 758 Mercier,

232 814 256 856 er
280 807 324 856 ru.
344 806 379 854 D.
410 783 610 848 Antistitem
629 783 803 859 urbanum,
824 802 924 864 quem
953 783 1102 846 nascenti
1125 783 1271 848 Scholae
1287 783 1514 848 Thomisticae

240 871 385 986 ,affljjj
410 889 497 952 iusta
510 907 570 952 vos
586 887 707 952 fiducia
723 887 939 969 praefecistis,
955 907 1134 970 quemque,
1151 889 1185 952 in
1199 909 1239 952 eo
1254 909 1393 952 munere
1406 900 1516 954 aucto-

246 1003 382 1080 dqcaadito
410 991 509 1054 ritate
521 992 647 1054 Nostra
664 991 932 1073 comprobatum,
950 993 1164 1055 laudavimus
1186 991 1256 1074 lpsi
1275 993 1373 1056 vobis
1391 1015 1411 1056 a
1427 1015 1516 1076 prae·

232 1075 382 1198 ορῖἴηῗῇζζθ
409 1097 534 1162 stantia
546 1097 719 1160 doctrinae
735 1094 989 1178 philosophicae
1006 1105 1039 1160 et
1056 1095 1099 1159 ab
1116 1097 1266 1161 eiusdem
1283 1099 1518 1179 provehendae

232 1201 289 1248 riri.
410 1199 566 1265 sollertia.
584 1201 662 1282 Ipse
679 1199 768 1261 enim
785 1199 956 1262 communi
973 1201 1380 1284 expectationi,docendo
1399 1203 1519 1282 pariter

410 1315 444 1370 et
464 1305 608 1386 agendo,
628 1304 676 1366 sic
692 1303 865 1383 respondit
882 1301 1028 1386 fecitque
1045 1304 1137 1380 satis,
1153 1315 1190 1368 ut
1206 1305 1274 1367 iam
1295 1303 1518 1386 frequentiam

410 1417 445 1472 et
464 1409 657 1490 opinionem
686 1407 848 1470 Instituto
872 1406 1102 1471 conciliaverit
1130 1408 1163 1470 in
1191 1408 1263 1470 dies
1290 1409 1464 1473 maiorem.
1480 1447 1520 1458 -

311 1569 384 1618 Recta
412 1513 513 1596 Quod
541 1534 620 1577 vero
647 1512 907 1593 amplitudinem
933 1513 1075 1576 decebat
1097 1511 1268 1576 Athenaei
1297 1511 1519 1577 Lovaniensis

275 1638 305 1685 in
320 1649 384 1682 nova
412 1630 446 1683 et
459 1619 558 1703 plane
573 1619 753 1700 oportebat
768 1618 811 1681 ad
826 1616 951 1680 fructus
964 1618 1140 1681 habendos
1153 1618 1385 1700 exquisitioris
1398 1619 1519 1682 doctri-

230 1703 383 1764 ⁸‘l⁰²“l⁰'“‘'
413 1743 484 1797 nae,
515 1722 720 1802 praescripta
750 1721 901 1784 eiusdem
926 1719 1072 1785 Scholae
1095 1723 1136 1784 ea
1163 1721 1301 1798 ratione,
1332 1723 1518 1786 secundum

261 1769 385 1828 scripturn

264 1841 299 1883 est
314 1829 381 1906 ²⁴²5·
411 1837 531 1908 optata
547 1825 682 1904 Nostra,
706 1825 816 1907 posita
832 1834 921 1901 sunt,
943 1835 979 1889 ut
995 1825 1149 1888 doctrina
1165 1825 1349 1907 Aquinatis
1371 1827 1405 1889 in
1422 1827 1519 1890 disci·

231 1898 385 2015 gpfflll.
413 1931 521 2012 plinas
538 1949 671 2012 quoque
688 1929 845 2011 physicas
872 1937 906 1991 et
923 1929 1103 2003 naturales,
1118 1929 1152 1990 in
1177 1947 1285 2012 eaque
1305 1931 1420 1992 studia
1435 1949 1518 2012 quae

239 2029 385 2140 'rescrips
412 2039 575 2096 vocantur
612 2029 757 2106 socialia,
795 2030 826 2092 vi
865 2051 926 2092 sua
963 2031 1101 2112 copiosa
1131 2029 1292 2107 influeret,
1322 2031 1518 2112 eisdemque

232 2096 383 2224 'fclllllasfi
411 2137 635 2200 communiret
657 2133 745 2198 viam
770 2144 843 2197 tum
868 2135 910 2197 ad
936 2134 1156 2215 multiplicem
1183 2135 1370 2198 cavendum
1397 2135 1516 2198 aetatis

232 2224 386 2358 ᾗκᾞὲιζζ
413 2261 566 2316 errorem,
586 2250 657 2303 tum
685 2239 728 2300 ad
756 2257 892 2301 omnem
919 2237 1070 2300 veritatis
1097 2239 1367 2318 progressionem
1396 2239 1516 2302 certius

273 2357 386 2420 magste-
413 2343 682 2408 consectandam.
708 2339 811 2406 Cuius
836 2341 882 2404 rei
907 2343 1034 2418 caussa,
1059 2349 1192 2423 gratum
1218 2349 1278 2418 est,
1303 2340 1518 2423 providenter

232 2424 289 2473 ⁷³²³·
413 2448 667 2529 liberaliterque,
684 2455 721 2510 ut
736 2445 809 2509 aliis
826 2464 959 2508 eramus
985 2444 1104 2508 litteris
1130 2443 1305 2520 cohortati,
1321 2453 1421 2508 aucta
1446 2463 1517 2506 esse

243 2590 385 2652 opportuna
414 2552 625 2633 magisteria:
641 2571 727 2633 quae
751 2550 949 2630 vosmetipsi
978 2549 1148 2630 superiore
1171 2567 1270 2625 anno,
1291 2547 1324 2610 in
1349 2558 1515 2610 conventu

275 2655 383 2768 semipa-
413 2657 520 2737 pridie
544 2656 702 2718 calendas
718 2654 867 2736 Augusti
884 2653 1010 2731 habito,
1026 2651 1158 2716 dilectis
1176 2651 1253 2714 filiis
1270 2651 1448 2734 Deploige,
1464 2652 1515 2714 De

255 2735 385 2834 nuptm
412 2759 515 2838 Wulf,
531 2761 615 2844 Nys,
631 2759 766 2843 Thiery,
781 2759 859 2822 viris
884 2758 1036 2841 egregiis,
1053 2756 1291 2821 demandastis,
1312 2757 1434 2840 Neque
1456 2759 1514 2820 mi·

239 2918 245 2928 .
271 2849 385 2964 fpirad·
411 2883 473 2926 nus
494 2863 707 2945 providenter
732 2872 989 2944 opportuneque
1015 2859 1097 2923 illud
1124 2871 1294 2942 putamus,
1311 2859 1355 2923 ab
1378 2881 1420 2924 eo
1444 2863 1515 2942 ipso

224 2931 294 2981 jum
307 2933 359 2966 Μ’
412 2963 581 3042 Praeside,
596 2962 809 3026 hortantibus
822 2961 919 3024 vobis
935 2971 969 3024 et
985 2957 1185 3037 laventibus,
1202 2959 1339 3034 factum,
1356 2969 1393 3024 ut
1410 2959 1515 3024 Semi·

411 3068 541 3132 narium
555 3067 727 3150 quoddam
754 3067 916 3130 Instituto
932 3065 1129 3128 adiunctum
1146 3065 1361 3142 excitaretur,
1377 3066 1410 3126 in
1427 3086 1514 3127 corn-

411 3171 549 3235 modum
568 3181 601 3234 et
616 3170 759 3235 tutelam
783 3169 992 3245 clericorum,
1007 3168 1065 3250 qui
1081 3187 1154 3230 sese
1179 3167 1308 3230 dedant
1324 3167 1515 3231 huiusmodi

409 3275 641 3340 excellentiori
669 3273 905 3356 philosophiae
923 3271 1153 3351 excolendos3
1179 3291 1322 3352 quorum
1339 3272 1515 3354 praecipue

409 3401 453 3444 ex
484 3397 625 3442 numero
656 3377 889 3459 philosophiae
920 3376 953 3438 in
982 3375 1083 3437 sacris
1113 3372 1310 3438 Seminariis
1338 3375 1515 3456 magistros

409 3487 527 3549 deceat
540 3482 674 3546 assumi.

289 3643 381 3691 Comu-
454 3589 608 3668 lamvero
624 3595 693 3649 tam
711 3585 882 3667 praeclaro
898 3583 991 3666 operi
1008 3592 1190 3664 tantaeque
1207 3583 1278 3664 spei
1296 3603 1385 3646 nunc
1407 3583 1512 3646 Nobis

248 3707 381 3784 ansprae-
408 3694 578 3757 inanimo
604 3701 655 3755 est
679 3691 782 3755 veluti
810 3690 982 3771 fastigium
1011 3690 1195 3769 imponere,
1223 3687 1333 3769 ipsum
1362 3687 1512 3752 videlicet

254 3773 382 3887 2517,ssssss
409 3797 495 3861 curis
520 3797 648 3873 vestris,
668 3793 887 3858 Venerabiles
916 3792 1061 3867 Fratres,
1088 3811 1200 3854 rursus
1228 3791 1398 3874 enixeque
1424 3811 1511 3854 com-

231 3909 321 3962 mento
334 3911 382 3952 sra-
410 3900 612 3978 mendand0,
629 3907 662 3962 et
679 3898 843 3961 nonnulla
858 3897 1049 3972 statuendo,
1065 3915 1132 3977 quo
1154 3893 1272 3956 melius
1287 3895 1330 3958 ad
1349 3893 1512 3976 perpetui·

231 3967 382 4098 ‘'filiiflii-
409 4011 514 4066 tatem
531 4000 727 4084 frugiferum
747 4021 875 4082 suoque
899 4001 931 4062 in
956 3999 1084 4062 honore
1107 4005 1314 4080 permaneat.
1329 4035 1374 4046 --
1397 3996 1511 4077 ltaque

252 4099 383 4214 &zmil
409 4105 564 4168 volumus
581 4114 616 4168 ut
632 4105 696 4167 hoc
714 4104 908 4178 [nstitutum
928 4103 1077 4184 superius
1092 4099 1322 4182 Philosophiae
1342 4099 1511 4164 Themisti-

246 4235 296 4278 rata
307 4231 383 4280 raus.
409 4230 462 4272 cae
477 4209 754 4288 adstructumque
767 4207 992 4271 Seminarium
1010 4207 1056 4268 sic
1069 4204 1243 4282 habeatur,
1256 4223 1323 4266 non
1341 4215 1511 4284 tamquam

230 4310 296 4346 Μ’·
412 4309 650 4378 Universitatis
666 4311 829 4392 quiddam
846 4311 1062 4386 adscititium,
1073 4309 1131 4372 sed
1145 4307 1250 4371 immo
1263 4308 1311 4371 uti
1325 4327 1404 4390 pars
1417 4325 1512 4388 quae
