3222 4888
454 304 504 354 DE
532 307 653 357 REBUS
680 307 853 358 GALLIAE.
1142 307 1207 378 175

100 459 300 536 animorum,
315 460 372 540 qui
389 459 467 522 fessi
484 459 632 523 dissidiis
648 457 691 522 ad
709 479 827 540 pacem
846 458 1017 522 inclinant.
1039 456 1152 541 Quare
1169 477 1210 521 ne

99 563 134 624 id
161 559 294 624 eveniat
315 547 355 624 ¹in
382 582 451 644 quo
478 564 551 644 ipsa
578 561 709 626 Galliae
737 561 828 624 salus
843 561 909 624 sita
932 569 992 637 est,
1008 571 1210 644 praeoptant

99 665 241 728 invicem
268 664 409 728 distrahi
443 665 680 728 dissentientes
706 661 792 726 filios
818 662 966 726 familiae
988 663 1148 740 eiusdem,
1171 685 1210 728 ac

31 815 34 820 ι
98 769 281 834 fraternum
298 778 467 832 certamen
485 769 612 832 diutius
629 768 765 850 perduci
778 788 854 830 cum
872 768 1002 850 ingenti
1026 768 1153 849 patriae
1177 777 1210 830 et

99 872 269 954 religionis
283 871 438 954 pernicie.
1073 864 1076 881 '

142 975 311 1057 Equidem
327 973 409 1056 quid
426 975 540 1038 animo
556 957 800 1037 intenderimus
813 993 918 1056 quum
937 974 1082 1036 amicum
1099 983 1208 1056 pater·
1271 990 1386 1067 Eaponrt

97 1099 245 1162 numque
261 1079 456 1162 alloquium,
472 1099 568 1142 sacro
584 1099 774 1160 congruens
792 1077 978 1140 ministerio
1003 1077 1140 1155 Nostro,
1164 1079 1207 1144 ad
1234 1055 1385 1184 &ms

96 1181 253 1264 gallicam
269 1193 404 1264 gentem
431 1184 667 1259 convertimus,
694 1181 820 1244 nemini
845 1180 912 1244 iam
939 1177 1119 1244 obscurum
1136 1201 1209 1246 esse
1235 1188 1257 1234 ‘⁸'
1270 1187 1368 1262 quiriae
1463 1209 1470 1229 =

97 1295 211 1369 potest
225 1285 276 1350 vel
293 1307 425 1367 anceps.
444 1285 611 1348 Diuturna
628 1285 838 1366 experientia
855 1284 1031 1374 perspicue
1046 1285 1207 1348 docuerat
1233 1267 1387 1365 {fflffid

97 1410 224 1468 omnes,
247 1399 374 1454 statum
398 1391 543 1454 civitatis
570 1391 615 1453 ita
643 1388 717 1454 istic
747 1389 974 1466 immutatum,
1003 1399 1040 1451 ut
1063 1390 1097 1452 in
1114 1409 1207 1469 prae·
1233 1382 1363 1430 samm

1233 1447 1327 1496 danma
1337 1448 1383 1496 Rc·
1485 1487 1486 1492 ,

96 1495 182 1558 senti
199 1513 308 1558 rerum
319 1492 512 1557 conditione
528 1493 617 1556 haud
630 1503 743 1574 posset
760 1493 831 1556 sine
844 1495 937 1574 gravi
955 1492 1207 1574 perturbatione
1233 1513 1343 1574 ligonis,
1355 1512 1384 1560 in

94 1600 138 1662 ad
156 1598 332 1679 pristinam
350 1597 493 1661 formam
512 1599 639 1661 reverti.
654 1596 834 1682 ¹Catholica
848 1596 973 1678 religio,
983 1615 1085 1678 quam
1101 1597 1207 1669 multi,
1232 1578 1382 1691 §mim

97 1699 176 1764 licet
200 1701 378 1776 immerito,
406 1701 649 1764 existimabant
675 1699 788 1763 fovere
815 1701 975 1764 intestina
1002 1701 1150 1779 dissidia,
1173 1703 1206 1764 in
1233 1708 1300 1773 qewd
1311 1709 1356 1758 Ec-

94 1825 265 1868 summum
282 1805 465 1869 vocabatur
479 1806 679 1881 discrimem
698 1805 934 1868 vexationibus
952 1805 984 1866 in
1002 1805 1075 1868 dies
1099 1806 1204 1869 acrio·
1233 1775 1383 1889 imam.

95 1909 188 1970 ribus
205 1908 357 1973 obnoxia
373 1909 474 1974 fiebat
493 1908 654 1974 Ecclesia.
673 1909 770 1972 Haec
796 1909 896 1990 plane
923 1919 1017 1972 erant
1041 1910 1205 1974 eiusmodi
1233 1920 1373 2033 man·

95 2034 184 2096 quae
200 2015 369 2078 neminem
397 2016 500 2078 latere
528 2025 673 2096 possent.
704 2015 858 2077 Iamvero
874 2014 907 2076 in
924 2033 964 2077 ea
981 2033 1091 2077 rerum
1108 2035 1204 2097 aspe-
1232 2037 1359 2097 rumpo.

95 2118 205 2196 ritate,
221 2119 303 2197 Nos,
319 2138 461 2203 quorum
486 2130 536 2182 est
564 2119 734 2200 religionis
761 2137 911 2182 summas
937 2119 1022 2182 tueri
1049 2120 1205 2198 rationes,
1230 2101 1365 2216 ζξζζζξβὸ·

94 2224 158 2286 etsi
175 2223 274 2304 plane
290 2227 448 2287 sciremus
465 2225 590 2287 nemini
615 2223 740 2305 absque
756 2225 944 2286 temeritate
960 2221 1009 2285 sas
1027 2243 1098 2286 esse
1115 2243 1205 2288 coer·

94 2345 171 2389 cere
187 2325 308 2390 finibus
324 2328 491 2390 actionem
510 2326 741 2408 providentiae
769 2326 833 2390 Dei
857 2327 890 2388 in
909 2325 1035 2390 suturas
1052 2327 1203 2407 gentium

94 2441 212 2509 sortes,
227 2451 287 2494 nec
304 2431 412 2494 Nobis
428 2432 461 2493 in
486 2441 599 2494 mente
628 2431 725 2494 fuerit
753 2431 876 2494 civium
906 2429 1038 2492 laedere
1066 2431 1203 2493 intimos

93 2537 198 2600 animi
215 2556 342 2613 sensus,
357 2537 479 2618 quibus
494 2535 689 2598 adhibenda
706 2536 892 2600 reverentia
913 2545 985 2612 est;
1003 2537 1073 2616 pati
1090 2543 1203 2598 tamen

94 2639 318 2722 nequivimus,
346 2649 382 2704 ut
407 2641 555 2722 quidam,
587 2640 732 2721 partium
760 2639 873 2702 studio
902 2639 1005 2715 ducti,
1036 2639 1205 2720 religionis

93 2744 208 2826 specie
224 2747 322 2826 quasi·
334 2745 453 2826 clypeo
469 2753 657 2828 uterentur,
665 2761 732 2824 quo
748 2741 854 2806 tutius
871 2741 1026 2824 publicae
1043 2741 1204 2822 potestati

93 2848 222 2911 iamdiu
234 2865 237 2874 ·
248 2847 452 2911 constitutae
475 2848 677 2911 obsisterent
697 2870 704 2908 :
732 2867 775 2907 ex
792 2865 859 2928 quo
875 2845 1064 2909 obsistendi
1081 2854 1203 2908 conatu

93 2951 208 3018 nullus
224 2953 359 3035 quidem
387 2961 460 3015 erat
484 2951 719 3034 expectandus
742 2951 897 3013 utilitatis
922 2949 1060 3026 fructuS,
1087 2951 1205 3031 ingens

92 3057 165 3121 imo
181 3057 348 3139 religionis
365 3056 616 3120 detrimentum.
641 3054 759 3136 Quare
770 3074 810 3116 eo
827 3063 1029 3135 spectantes,
1045 3064 1145 3136 prout
1158 3055 1204 3116 rei
1288 3050 1385 3112 Relapsa

90 3159 242 3243 dignitas
258 3159 428 3242 poscebat,
444 3177 486 3221 ne
510 3158 627 3239 religio
651 3166 795 3237 augusta
822 3156 1063 3220 certaminibus
1087 3157 1204 3218 misce·
1232 3115 1372 3228 pimpl-

90 3273 185 3328 retur
201 3263 423 3326 humanarum
440 3261 665 3342 cupiditatum
679 3257 730 3322 vel
749 3259 840 3322 tricis
857 3257 1031 3322 fallacibus
1048 3259 1205 3341 politicae
1231 3246 1380 3360 ffi‘zah

89 3367 243 3442 rationis,
257 3365 316 3428 sed
333 3365 431 3428 rebus
446 3363 612 3438 omnibus,
641 3363 689 3426 uti
714 3383 773 3444 par
799 3371 880 3440 erat,
896 3361 1015 3426 celsius
1033 3364 1206 3436 emineret,

89 3470 218 3554 probos
248 3469 471 3550 cordatosque
507 3467 595 3531 cives
630 3467 769 3550 gallicos
801 3487 919 3530 omnes
950 3467 1205 3548 appellavimus,

90 3577 285 3654 suadentes,
310 3586 346 3638 ut
370 3575 515 3638 civitatis
556 3583 692 3650 statum,
721 3583 820 3655 prout
852 3575 1057 3637 constitutus
1088 3573 1205 3648 suerat,
1250 3641 1255 3654 ,
1301 3577 1383 3654 Ετςίς·

88 3689 315 3763 agnoscerent
330 3699 369 3742 ac
385 3699 446 3761 pro
462 3677 528 3741 fide
553 3698 613 3740 sua
636 3679 826 3754 retinerent,
842 3686 1062 3760 veterumque
1082 3678 1203 3760 iurgio·
1231 3649 1383 3756 {pippon-

90 3803 168 3848 rum
185 3783 281 3848 obliti
297 3783 540 3845 contenderent
567 3792 603 3844 ut
630 3782 757 3844 iustitia
774 3791 807 3846 et
831 3782 984 3864 aequitas
1011 3793 1204 3862 praeessent
1233 3773 1357 3886 Pompe!

90 3885 235 3968 legibus,
249 3883 364 3948 debita
381 3881 553 3946 Ecclesiae
570 3882 766 3945 redderetur
781 3882 997 3946 observantia
1010 3891 1044 3946 et
1060 3882 1206 3959 libertas,
1231 3855 1305 3887 consu
1317 3855 1365 3890 m.

89 3999 197 4071 atque
228 3989 284 4064 ita,
306 3987 426 4050 studiis
457 3987 597 4062 collatis,
624 3987 839 4068 prosperitati
864 3987 1052 4050 communis
1076 3989 1205 4070 patriae

88 4093 315 4159 consulerent.
333 4089 448 4173 Quum
465 4091 548 4154 haec
564 4091 650 4154 ratio
667 4090 796 4154 consilii
819 4091 862 4154 sit
879 4100 913 4154 et
937 4091 1061 4174 incepti
1078 4075 1222 4168 Nostri,
1273 4132 1382 4196 sacran-

89 4198 254 4262 miserum
270 4193 368 4258 simul
385 4203 419 4257 et
435 4194 618 4258 absurdum
634 4203 686 4256 est
702 4202 820 4257 extare
836 4193 994 4275 aliquem,
1004 4195 1060 4276 qui
1075 4194 1204 4257 iactans
1271 4197 1334 4245 uam
1347 4213 1383 4246 eo·

91 4299 257 4367 maiorem
274 4299 337 4362 sibi
353 4317 455 4380 quam
481 4297 588 4361 Nobis
613 4317 727 4362 curam
756 4317 828 4361 esse
856 4297 1037 4376 Ecclesiae,
1064 4299 1115 4362 ius
1138 4297 1203 4362 sibi
1232 4277 1384 4390 wip„-
