3296 4886
236 1848 378 1896 illustrissi-

225 1929 263 1962 mo
271 1914 304 1961 I).
313 1913 382 1961 Gossi

224 1980 378 2042 exequendas

258 2045 380 2092 sitandan-

223 2113 275 2158 tur.

404 293 453 378 64
530 309 720 360 trasenna
746 309 1003 361 APOSTOLICAE
1023 295 1043 324 “
1062 309 1113 360 uo
1141 309 1355 360 uurvaasas
1373 284 1391 312 ''

402 481 527 535 statum
545 473 723 550 restitutas,
748 473 911 554 repositas
938 481 971 534 et
988 472 1134 553 plenarie
1162 471 1389 553 reintegratas,
1404 489 1444 532 ac
1467 468 1511 530 de

402 596 490 639 novo
506 575 607 638 etiam
624 577 687 640 sub
702 595 914 658 quacumque
930 575 1106 657 posteriori
1123 576 1204 639 data
1226 575 1510 656 quandocumque

402 679 557 760 eligenda
573 699 748 741 concessas
764 699 837 742 esse
849 688 883 742 et
895 678 972 756 sore,
985 699 1129 761 suosque
1139 677 1306 768 plenarios
1318 687 1351 739 et
1362 677 1510 756 integros

402 780 540 846 effectus
557 783 665 844 sortiri
682 791 716 845 et
728 782 889 860 obtinere,
901 791 935 844 et
951 781 997 844 ita
1013 781 1057 845 ab
1072 780 1228 844 omnibus
1245 779 1381 856 censeri,
1396 777 1511 858 sicque

402 897 435 950 et
452 905 518 949 non
536 887 618 950 alias
634 907 693 968 per
704 905 934 969 quoscumque
953 885 1084 950 Iudices
1099 886 1285 949 ordinarios
1301 883 1352 947 vel
1377 882 1511 964 delega-

402 987 1510 1073 tosquavisauctoritateiungentesveldignitatelulgeutes,etiam

403 1115 594 1160 caussarum
607 1094 727 1158 Palatii
740 1095 930 1177 Apostoliei
947 1094 1140 1171 Auditores,
1150 1114 1188 1156 ac
1204 1093 1354 1156 eiusdem
1368 1090 1400 1155 S.
1415 1090 1454 1152 R.
1472 1087 1510 1153 E.

404 1199 598 1265 Cardinales
615 1198 770 1262 etiamde
784 1197 906 1262 Latere
920 1199 1077 1280 Legatos,
1087 1197 1323 1280 uice-Legatos
1334 1196 1512 1274 dictaeque

403 1303 501 1370 Sedis
519 1302 681 1380 Nuncios,
697 1301 830 1366 sublata
857 1303 904 1366 eis
920 1313 954 1367 et
970 1323 1085 1367 eorum
1110 1303 1247 1366 cuilibet
1274 1300 1391 1383 quavis
1415 1297 1512 1371 aliter

403 1406 572 1472 iudicandi
589 1417 622 1469 et
639 1407 883 1488 interpretandi
898 1417 1075 1490 potestate,
1092 1407 1251 1472 facultate
1267 1419 1300 1470 et
1311 1405 1513 1469 auctoritate

404 1515 540 1579 iudicari
569 1525 603 1578 et
618 1513 750 1578 deliniri
778 1516 912 1592 debere,
930 1535 969 1579 ac
986 1517 1113 1580 irritum
1140 1535 1273 1597 quoque
1299 1524 1332 1577 et
1359 1513 1468 1587 inane,
1485 1511 1514 1572 si

404 1638 499 1682 secus
515 1638 614 1702 super
624 1619 675 1681 his
692 1640 711 1681 a
727 1639 898 1701 quoquam
923 1622 1042 1702 quavis
1058 1621 1267 1696 auctoritate,
1287 1619 1438 1691 scienter,
1454 1623 1515 1678 aut

406 1722 600 1802 ignoranter
625 1723 800 1804 contigent
818 1723 986 1787 attentari.
1003 1723 1169 1805 Quocirca
1199 1721 1394 1785 Venerabili
1411 1719 1514 1781 etiam

407 1825 514 1889 Fratri
542 1827 753 1908 Hieronymo
770 1825 876 1905 Gotti‚
892 1827 1159 1909 Archiepiscopo
1175 1825 1301 1890 titulari
1325 1827 1452 1898 Petrae,
1479 1829 1515 1884 et

407 1927 607 2010 Apostolico
627 1931 837 1994 lnternuntio
850 1932 938 2012 apud
956 1929 1162 1994 Brasilianae
1179 1929 1397 2011 Reipublicae
1414 1927 1515 1989 Prae-

406 2032 513 2096 sidem
545 2041 578 2096 et
606 2031 815 2097 Gubernium
844 2055 901 2114 per
932 2035 1022 2116 ipsas
1053 2045 1244 2116 praesentes
1269 2029 1515 2094 committimus

407 2145 507 2216 atque
524 2138 732 2213 mandamus,
748 2151 913 2218 quatenus
930 2139 1001 2219 ipse
1017 2139 1059 2201 ad
1077 2138 1338 2220 exequutionem
1353 2133 1514 2218 praemis-

405 2257 517 2300 sorum
542 2241 693 2302 omnium
711 2249 744 2302 et
769 2240 975 2323 singulorum
994 2242 1163 2322 procedat,
1178 2263 1295 2306 omnes
1311 2252 1345 2304 et
1361 2238 1513 2320 singulas

405 2342 447 2404 ad
461 2343 494 2404 id
505 2343 534 2404 ei
547 2343 803 2424 quomodolibet
813 2347 1015 2408 necessarias
1026 2357 1059 2408 et
1069 2356 1276 2429 opportunas
1289 2341 1514 2426 impertiendo

404 2443 580 2509 facultates
595 2469 603 2524 ;
619 2445 666 2510 ita
682 2449 784 2512 etiam
802 2459 838 2512 ut
862 2449 933 2532 ipse
966 2449 1196 2532 Hieronymus
1218 2449 1514 2529 Archiepiscopus‚

404 2551 430 2612 si
447 2551 561 2612 omnia
578 2551 770 2632 supradicta
792 2572 851 2634 per
866 2573 902 2615 se
918 2553 1028 2634 ipsum
1046 2555 1169 2637 exequi
1187 2575 1253 2618 non
1271 2554 1391 2628 valeat,
1406 2549 1510 2614 aliam

404 2673 581 2734 personam
617 2655 650 2718 in
689 2656 914 2719 ecclesiastica
942 2665 1056 2720 tamen
1094 2658 1261 2740 dignitate
1291 2655 1511 2720 constitutam

405 2759 510 2839 possit
526 2760 753 2840 subdelegare.
772 2759 848 2823 Non
866 2761 1078 2826 obstantibus
1096 2763 1221 2827 Nostra
1237 2773 1270 2826 et
1284 2759 1514 2826 Cancellariae

404 2863 623 2945 Apostolicae
639 2863 780 2946 Regula.
801 2879 819 2933 (
846 2866 900 2929 De
919 2867 989 2930 iure
1005 2869 1157 2949 quaesito
1182 2887 1247 2930 non
1265 2865 1415 2930 tollendo
1431 2877 1453 2932 l>
1470 2883 1514 2928 ac

405 2966 640 3030 Lateranensis
657 2967 798 3032 Concilii
823 2969 1138 3035 dismembrationes
1165 2981 1354 3053 perpetuas,
1380 2969 1443 3032 nisi
1475 2969 1511 3032 in

404 3072 535 3134 casibus
551 3091 571 3133 a
588 3073 656 3134 iure
673 3059 853 3154 permissis,
870 3073 939 3137 lieri
957 3075 1173 3156 prohibentis
1188 3075 1330 3158 aliisque
1345 3075 1447 3138 etiam
1475 3073 1512 3137 in

404 3173 636 3254 synodalibus,
662 3177 937 3258 provincialibus,
958 3179 1181 3261 generalibus,
1202 3179 1514 3261 universalibusque

405 3275 564 3341 Conciliis
581 3278 689 3356 editis,
703 3279 753 3342 vel
767 3281 905 3344 edendis
921 3281 1129 3364 specialibus,
1142 3283 1193 3347 vel
1204 3285 1415 3365 generalibus
1430 3303 1513 3345 con·

404 3381 634 3445 stitutionibus
651 3392 685 3446 et
701 3384 969 3448 ordinationibus
991 3377 1207 3468 Apostolicis
1223 3389 1404 3471 privilegiis
1426 3407 1513 3470 quo-

403 3505 477 3568 que,
494 3486 632 3548 indultis
648 3507 686 3551 ac
712 3488 849 3552 Litteris
863 3489 1069 3572 Apostolicis
1085 3491 1257 3574 quibusvis
1285 3493 1513 3576 superioribus

404 3599 438 3653 et
454 3591 603 3670 personis
620 3591 653 3652 in
670 3611 802 3672 genere,
827 3593 878 3656 vel
896 3595 928 3658 in
946 3596 1065 3676 specie,
1081 3607 1139 3661 aut
1155 3599 1237 3661 alias
1254 3599 1287 3662 in
1305 3597 1511 3664 contrarium

404 3694 662 3775 praemissorum
683 3697 936 3776 quomodolibet
968 3699 1078 3762 forsan
1106 3703 1281 3778 concessis,
1304 3702 1512 3786 approbatis,

403 3796 617 3875 confirmatis,
629 3807 662 3861 et
679 3798 857 3878 innovatis,
872 3802 994 3882 quibus
1010 3805 1210 3869 omnibuset
1222 3807 1361 3889 singulis
1378 3807 1512 3871 etiamsi

402 3902 446 3964 de
456 3901 520 3964 illis
533 3920 714 3984 eorumque
727 3901 807 3965 totis
821 3905 992 3968 tenoribus
1002 3907 1164 3988 specialis,
1176 3908 1338 3990 specifica,
1349 3929 1512 3990 expressa

403 4019 436 4069 et
454 4007 635 4082 individua,
652 4025 719 4069 non
748 4018 860 4071 autem
878 4029 937 4090 per
963 4009 1129 4074 clausulas
1145 4015 1316 4094 generales
1341 4016 1429 4077 idem
1446 4015 1511 4078 im·

404 4119 576 4192 portantes
602 4113 739 4188 mentio,
755 4123 814 4176 aut
830 4115 967 4194 quaevis
994 4115 1060 4178 alia
1076 4119 1251 4199 expressio
1267 4119 1431 4196 habenda,
1448 4129 1510 4183 aut

403 4213 516 4295 aliqua
532 4215 597 4277 alia
625 4215 794 4298 exquisita
811 4217 918 4280 forma
934 4217 977 4281 ad
1005 4216 1068 4281 hoc
1087 4221 1249 4283 servanda
1266 4219 1359 4299 soret,
1374 4231 1511 4286 tenores
1626 4281 1627 4300 ,

403 4317 604 4397 huiusmodi,
619 4340 658 4384 ac
674 4321 701 4384 si
718 4323 761 4386 de
776 4323 878 4386 verbo
900 4327 1095 4388 adverbum
1121 4325 1166 4388 nil
1183 4327 1316 4407 penitus
1332 4327 1458 4391 omisso
1475 4337 1511 4394 et
