3250 4888
132 1027 133 1030 ,
224 989 254 1037 in
264 988 376 1037 metim

407 279 473 327 112
531 277 714 330 ansioni
733 279 945 331 ENCYCLICA
966 267 988 298 ‘¹
1008 282 1251 332 manuisum
1270 261 1459 334 sinin1s.”

402 443 577 504 corporum
600 422 724 487 relevat
741 424 947 506 languentes,
964 425 1156 509 morbisque
1172 427 1363 491 animorum
1379 430 1513 510 gravio-

402 529 491 591 ribus
508 538 648 609 paterna
665 529 816 592 medetur
834 529 1047 592 miseratione
1062 548 1165 612 :quos
1177 530 1229 593 vel
1243 551 1404 594 aerumna
1416 551 1513 596 exer·

401 641 453 694 cet
470 631 520 693 vel
548 629 934 696 sollicitudinummoles
952 629 1081 712 fatigat,
1097 652 1155 694 eos
1171 633 1205 699 in
1224 631 1341 713 primis
1363 632 1513 697 blandis-

401 736 484 796 sime
496 731 676 814 compellat
692 740 726 796 et
743 743 861 796 vocat:
883 731 996 796 Venite
1010 732 1058 796 ad
1071 754 1120 797 mi
1143 755 1253 798 amnes
1275 735 1335 816 qui·
1354 733 1516 798 laboratis

180 855 181 860 ’
257 857 319 920 lgm
334 857 378 904 sui
401 847 432 900 et
446 837 575 901 onerati
587 836 672 914 estis,
683 846 715 898 et
725 857 781 918 ego
791 835 934 918 reficiam
947 856 1004 899 vos
1013 836 1062 917 (¹).
1075 837 1164 901 Tum
1177 838 1241 920 ipsi
1254 837 1514 921 interquiescen-

223 923 318 972 amoris
333 937 376 970 '⁸⁰⁸
401 944 490 1006 tibus
507 941 603 1004 nobis
630 941 663 1004 in
695 939 878 1022 complexu
908 959 978 1018 suo,
994 941 1036 1003 de
1053 941 1110 1004 illo
1127 930 1231 1023 spirat
1260 943 1406 1023 mystico
1432 941 1512 1023 igne

251 1052 374 1114 [eiusta-
400 1046 560 1130 quemad
587 1044 740 1108 homines
767 1044 895 1122 detulit,
912 1045 1021 1128 deque
1059 1045 1109 1107 sui
1134 1045 1393 1108 mansuetudine
1409 1045 1514 1108 animi

224 1119 372 1232 ,ffl'ffl'
399 1172 436 1214 ac
452 1149 674 1214 submissione
691 1149 834 1230 benigne
857 1148 1013 1225 insinuat,
1030 1167 1170 1231 quarum
1189 1169 1249 1230 usu
1266 1149 1431 1212 virtutum
1449 1167 1511 1212 nos

154 1317 156 1328 ,
224 1255 306 1299 ornat.
399 1263 498 1337 optat
512 1273 610 1318 verae
627 1253 821 1334 solidaeque
848 1251 949 1332 pacis,
967 1252 1061 1315 cuius
1086 1263 1136 1316 est
1162 1264 1287 1329 auctor,
1311 1253 1514 1334 participes:

399 1357 525 1422 Discite
537 1379 558 1421 a
583 1378 632 1420 me
647 1355 728 1438 quia
751 1355 843 1418 mitis
863 1377 937 1419 sum
953 1367 984 1420 et
1006 1354 1143 1419 humilis
1158 1357 1250 1420 corde
1261 1379 1277 1432 ,·
1292 1366 1323 1420 et
1340 1357 1515 1419 invenietis

258 1517 322 1578 Quis
334 1516 373 1577 lt·
400 1462 542 1543 requiem
557 1460 733 1525 animabus
748 1459 867 1524 vestris
884 1461 933 1541 (²).
952 1459 1019 1525 Sed
1037 1461 1109 1542 ipse
1124 1470 1248 1538 tamen,
1261 1481 1321 1542 pro
1332 1482 1371 1524 ea
1383 1461 1515 1541 sapien·

251 1597 307 1630 sum
314 1587 373 1644 pas·
400 1565 465 1629 tiae
482 1565 634 1628 caelestis
650 1565 723 1628 luce
739 1574 773 1628 et
790 1563 913 1646 insigni
930 1563 1166 1628 beneficiorum
1185 1566 1282 1647 copia
1305 1565 1429 1647 quibus
1454 1564 1514 1626 ho·

282 1653 374 1694 “mm
400 1671 506 1733 mines
533 1671 694 1733 demereri
721 1669 892 1745 debuerat,
907 1669 1084 1732 hominurn
1102 1669 1191 1733 subit
1207 1669 1285 1732 odia
1304 1667 1512 1750 iniuriasque

245 1719 374 1760 mortuum

236 1777 370 1842 pronoen,
400 1773 634 1852 atrocissimas,
660 1783 762 1856 atque
786 1773 985 1854 sanguinem
1012 1782 1045 1836 et
1072 1773 1225 1855 spiritum
1251 1772 1339 1836 cruci
1368 1769 1514 1834 suffixus

240 1843 373 1892 nonreda·
548 1880 554 1892 .
624 1879 630 1890 .
659 1879 666 1891 .
927 1877 935 1890 .
967 1877 973 1890 .
1227 1879 1232 1890 .
1264 1876 1271 1890 .
1377 1875 1385 1889 .

222 1915 279 1968 nm,
296 1915 372 1972 pm.
400 1880 582 1962 profundit,
597 1877 679 1942 nihil
702 1887 859 1957 spectans
883 1897 1016 1940 enixius
1041 1897 1142 1958 quain
1161 1887 1197 1939 ut
1225 1876 1290 1938 illis
1314 1886 1426 1958 pariat
1454 1893 1515 1936 sua

255 1980 297 2022 ‘¹⁴³
308 1974 374 2089 ''g‘'
400 1992 506 2047 morte
522 1981 636 2045 vitam.
652 1979 793 2042 -Talia
804 1980 1008 2060 peramantis
1022 1979 1262 2061 Redemptoris
1276 1979 1380 2041 nostr-i
1392 1997 1513 2041 monu-

261 2047 310 2102 pm
364 2075 369 2088 ⁸
400 2096 514 2152 menta
529 2084 699 2149 carissima
716 2103 928 2165 nequaquam
942 2083 1011 2146 fieri
1025 2091 1137 2164 potest
1149 2093 1184 2147 ut
1196 2083 1363 2165 quispiam
1377 2091 1512 2146 attenta

398 2211 511 2257 secuin
539 2188 743 2272 cogitatione
774 2197 905 2269 reputet
930 2198 964 2252 et
992 2197 1247 2264 commentetur,
1274 2207 1383 2270 neque
1411 2196 1511 2269 grata

399 2299 557 2360 adversus
573 2312 649 2356 eum
667 2291 840 2356 voluntate
857 2291 1065 2356 exardescat.
1082 2291 1131 2354 At
1154 2292 1261 2354 verius
1278 2291 1442 2373 probatae
1458 2291 1510 2352 vis

399 2400 475 2463 fidei
491 2406 624 2462 tantuin
641 2393 758 2458 efficiet
774 2382 820 2470 bt,
836 2394 1025 2458 illuminata
1049 2393 1194 2458 hominis
1212 2403 1324 2456 mente
1341 2403 1376 2455 et
1392 2393 1510 2457 animo

398 2505 612 2568 vehementer
627 2500 782 2582 impuls0,
812 2509 921 2564 totum
939 2519 1043 2582 prope
1059 2499 1167 2582 rapiat
1184 2501 1226 2564 ad
1253 2499 1357 2581 ipsius
1382 2497 1509 2563 Christi

398 2611 538 2695 vestigia
555 2629 613 2693 per
625 2627 725 2672 omne
741 2609 918 2672 discrimen
936 2607 1106 2684 sectanda,
1123 2610 1253 2671 adeam
1272 2627 1378 2689 usque
1402 2607 1511 2670 Paulo

398 2717 535 2796 dignam
561 2711 821 2775 obtestationem
841 2735 847 2774 :
867 2709 951 2788 Qiiis
976 2731 1050 2793 ergo
1067 2731 1124 2773 nas
1147 2709 1312 2792 separabit
1335 2731 1357 2772 a
1371 2710 1513 2772 caritate

401 2817 551 2884 carisii?
561 2814 738 2891 tribulatio,
747 2835 792 2877 an
803 2815 968 2897 arigiistia,
979 2817 1150 2894 anfames,
1162 2835 1206 2876 an
1217 2815 1361 2890 nuditas,
1371 2814 1511 2896 anperi‘·

396 2922 512 2998 culum,
528 2941 571 2984 an
579 2918 766 3001 persecutio,
794 2938 837 2981 an
857 2917 994 3001 gladius
1006 2919 1049 3001 (³)
1066 2924 1119 2984 i...
1145 2918 1224 2982 Vino
1240 2928 1348 2982 autem
1360 2917 1431 2982 iam
1446 2937 1511 2980 non

397 3047 452 3108 ego
462 3050 476 3100 ,·
493 3023 580 3088 vivit
595 3043 669 3085 vero
686 3022 721 3084 in
734 3043 783 3084 me
803 3020 956 3086 caristus
971 3023 984 3104 (
1002 3021 1024 3104 ).

280 3161 370 3209 Am„
442 3129 494 3191 Ne
506 3147 584 3191 vero
600 3128 642 3189 ad
659 3124 817 3207 exempla
829 3145 915 3208 quae
932 3125 1092 3202 Christus,
1108 3125 1212 3189 homo
1230 3123 1387 3206 idemque
1402 3123 1510 3200 Deus,

265 3226 371 3302 Kosara·
396 3236 438 3298 de
450 3254 486 3296 se
502 3230 640 3295 exhibet
655 3249 735 3293 sane
752 3249 852 3312 quam
865 3229 1023 3306 maxima,
1041 3229 1172 3292 nativae
1190 3249 1250 3292 uos
1263 3227 1508 3292 imbecillitatis

252 3298 371 3406 ”giblii
395 3335 599 3401 conscientia
626 3333 792 3397 absterriti
820 3332 1023 3408 deficiamus,
1049 3353 1115 3396 una
1146 3353 1222 3396 cum
1241 3333 1411 3416 mysteriis
1434 3333 1509 3394 eius

247 3424 370 3538 {223}ssss
397 3437 553 3523 mysteria
569 3437 688 3499 Matris
701 3436 930 3500 sanctissimae
940 3435 1103 3499 habemus
1115 3437 1221 3500 oculis
1232 3436 1353 3500 mentis
1371 3437 1415 3499 ad
1427 3455 1508 3499 con-

236 3553 268 3629 Βς
286 3553 367 3630 Virgi-
395 3541 625 3624 templandum
657 3539 779 3603 oblata.
798 3539 827 3602 E
844 3539 933 3621 regia
958 3538 1099 3604 Davidis
1116 3541 1220 3622 stirpe
1236 3550 1287 3602 est
1302 3559 1342 3602 ea
1365 3539 1507 3621 quidem

236 3625 368 3667 insanam
395 3646 578 3729 progenita,
594 3643 646 3706 cui
662 3651 775 3706 tamen
789 3641 868 3705 nihil
885 3643 951 3705 iani
970 3653 1020 3706 est
1036 3641 1199 3726 reliquum
1216 3645 1258 3706 de
1276 3643 1441 3706 maiorum
1453 3641 1509 3705 vel

236 3684 365 3744 humilem,

235 3756 263 3798 at
273 3765 369 3828 summ?
394 3751 514 3832 opibus
530 3746 581 3811 vel
598 3745 819 3826 amplitudine
837 3766 844 3823 ;
862 3765 947 3829 quae
962 3747 1066 3810 vitain
1084 3745 1116 3808 in
1129 3747 1272 3810 obscuro
1288 3745 1368 3828 agit,
1384 3745 1510 3809 humili

234 3815 368 3944 &122ssssss
395 3856 427 3916 iri
445 3851 580 3935 oppid0,
605 3849 781 3912 humiliore
804 3849 837 3912 in
854 3859 954 3928 tecto,
970 3870 1099 3914 recessu
1117 3851 1190 3932 ipso
1207 3859 1239 3914 et
1265 3851 1310 3912 rei
1330 3847 1512 3912 familiaris

221 3947 371 4062 bingiam
395 3957 558 4022 tenuitate
574 3974 614 4017 eo
630 3962 789 4016 contenta
806 3955 912 4036 magis
929 3956 1018 4037 quod
1037 3954 1190 4018 liberiore
1206 3963 1318 4036 potest
1335 3954 1455 4018 animo
1472 3975 1514 4018 se

394 4063 510 4128 tollere
535 4061 577 4124 ad
606 4059 718 4122 Deurn
744 4060 919 4142 eidemque
946 4081 1079 4125 summo
1101 4060 1385 4124 desideratissimo
1413 4061 1514 4126 bono

394 4166 527 4248 penitus
552 4163 740 4226 adhaerere.
772 4161 879 4244 Atqui
904 4173 954 4228 est
980 4184 1054 4226 cuin
1087 4165 1159 4244 ipsa
1191 4163 1367 4240 Dominus,
1401 4185 1513 4247 quam

395 4263 567 4273 ...μ-.-
1168 4263 1518 4276 -.-.....----.-“-..

425 4306 444 4338 1.
456 4291 557 4343 illaad,
570 4263 656 4341 xiss.
671 4314 699 4323 -
714 4291 783 4344 alb..
797 4304 832 4349 29.
847 4266 887 4324 --
891 4305 913 4348 3.
926 4267 1005 4342 iiam..
1024 4301 1081 4338 viii.
1095 4304 1131 4350 35.
1145 4315 1174 4324 -
1189 4305 1210 4348 4.
1226 4289 1290 4340 Gal„
1304 4297 1332 4341 11,
1346 4301 1385 4335 πο.
