3216 4880
429 290 501 360 334
779 289 901 338 rnorrx
929 291 1181 362 nunrvrrcus

426 459 516 512 usque
528 441 565 496 ad
577 441 789 495 revocationem
803 455 920 495 munere
939 441 1108 496 functurum.
1125 442 1228 497 Postea
1247 459 1315 497 vero
1328 445 1465 514 quomodo
1475 446 1511 500 eli·

425 530 535 601 gendos
552 542 608 593 172.
623 557 658 568 -
679 529 784 582 Rector
807 527 927 597 Collegii
950 529 978 582 S.
993 529 1122 584 Anselmi
1135 546 1200 585 curn
1216 531 1343 585 Primate
1356 549 1412 602 qua
1424 534 1512 587 ratione

425 615 532 670 versari
552 615 656 670 debeat
673 625 730 679 172.
742 643 778 653 -
792 615 875 668 Haec
889 615 1003 669 decreta
1017 615 1099 668 firma
1112 625 1230 686 rataque
1246 616 1409 671 habeantur
1423 631 1474 686 173.
1489 649 1513 657 -

426 705 525 759 Abbas
546 703 658 775 l³rimas
671 701 837 770 designatur
853 715 910 770 173.
924 731 959 741 -
970 703 1039 772 Jura
1061 712 1089 756 et
1110 703 1203 758 officia
1221 704 1346 759 Abbatis
1368 706 1513 760 Primatisa

427 792 656 860 Congregatione
670 789 854 858 Regularium
866 799 967 859 postea
979 790 1150 846 definientur
1165 805 1222 860 173.
1237 822 1273 832 -
1293 794 1419 849 Confidit
1438 795 1513 849 Ponti·

424 881 471 934 fex
482 881 557 933 hanc
571 876 832 947 Congregationum
845 877 981 932 unionem
994 875 1212 934 saluberrimam
1224 881 1278 934 toti
1297 881 1399 935 Ordini
1411 882 1513 937 futuram

430 983 487 1036 173.

461 1067 513 1119 3³.
539 1065 749 1116 EPISTOLll
782 1065 826 1114 ad
858 1065 1151 1128 Arohleplsoopum
1173 1068 1444 1131 Burdigalensem

427 1159 468 1209 de
486 1155 583 1203 rebus
601 1152 736 1222 Galliae.
757 1175 792 1186 -·
811 1151 831 1199 3
852 1153 996 1213 Augusti
1018 1153 1108 1203 1893.
1382 1169 1444 1222 pag.
1480 1166 1516 1218 174

464 1255 551 1308 Laeto
564 1250 660 1308 animo
675 1247 803 1303 Pontifex
815 1250 947 1303 nuntium
959 1251 1071 1320 accepit
1081 1251 1176 1308 studia
1189 1254 1363 1308 concordiae
1376 1265 1404 1308 et
1414 1255 1485 1324 pacis
1496 1255 1516 1308 in

427 1343 519 1398 Gallia
532 1339 707 1394 invalescere
724 1351 780 1403 174.
794 1367 829 1376 -
842 1337 1035 1394 Vehementer
1047 1357 1098 1394 eos
1110 1342 1293 1410 reprehendit
1307 1343 1354 1412 qui
1365 1342 1518 1398 concordiae

423 1427 614 1502 perficiendae
627 1424 834 1494 impedimenta
847 1425 970 1480 inferunt
987 1440 1083 1494 174-17
1087 1441 1111 1498 5.
1124 1457 1160 1466 —
1173 1429 1299 1498 Exponit
1313 1447 1344 1484 se
1364 1430 1480 1484 Litteras
1489 1430 1517 1483 de

423 1517 567 1589 praesenti
581 1514 691 1568 Galliae
704 1512 843 1582 regimine
856 1513 982 1570 edidisse
994 1517 1032 1569 ad
1044 1515 1195 1571 sarcienda
1204 1517 1312 1572 damna
1325 1518 1517 1587 Religionis‚in

421 1607 484 1674 dies
496 1604 628 1674 augenda
640 1619 675 1655 ex
687 1618 722 1656 eo
735 1601 813 1672 quod
830 1602 980 1660 'Ecclesiae
994 1604 1117 1658 tuendae
1129 1604 1248 1658 nomine
1261 1605 1391 1660 nonnulli
1406 1606 1517 1675 publicae

421 1691 707 1766 potestatiobsistant
720 1703 750 1754 17
755 1701 822 1758 5.—
831 1689 944 1760 Religio
957 1691 1041 1746 rebus
1054 1691 1187 1746 humanis
1200 1693 1304 1748 celsius
1314 1694 1441 1748 eminere
1448 1695 1517 1748 debet

423 1795 482 1852 175.
495 1811 529 1820 -
543 1777 692 1834 Ecclesiae
704 1786 733 1832 et
746 1776 853 1832 civitati
868 1777 909 1833 sic
923 1779 1055 1834 Pontifex
1068 1780 1211 1834 consuluit
1228 1792 1286 1850 175.
1306 1809 1339 1820 -
1362 1781 1516 1849 Jactantian

420 1886 519 1924 eorum
541 1865 665 1923 retundit
685 1864 734 1934 qui
758 1864 907 1919 Ecclesiae
929 1883 1027 1920 curam
1049 1866 1168 1937 causati,
1190 1868 1270 1922 illum
1293 1867 1461 1938 impugnant
1479 1867 1516 1939 qui

422 1955 572 2012 Ecclesiae
584 1964 661 2007 tutor
674 1968 702 2008 et
717 1953 809 2022 Caput
819 1964 863 2006 est
880 1955 1004 2021 175·r76.

456 2062 729 2116 34.EP18TOLA
738 2060 982 2112 ENCYCLICA
1003 2062 1046 2112 ad
1058 2063 1235 2126 Episcopos
1250 2065 1446 2130 Hungariae

422 2157 462 2207 de
472 2152 677 2204 reoatholica
691 2149 818 2200 tuenda
830 2154 862 2200 et
872 2151 1106 2210 promovenda.
1118 2151 1276 2216 —2sepc
1289 2153 1446 2218 1893pag.
1480 2160 1517 2210 177

457 2250 577 2320 Saepius
593 2247 723 2302 Pontilex
735 2263 816 2301 suam
829 2256 951 2300 testatus
964 2248 1193 2304 benevolentiam
1212 2267 1280 2320 erga
1296 2251 1459 2318 Hungaros¹
1476 2248 1516 2300 has

421 2344 458 2398 ad
471 2359 520 2395 eos
535 2339 656 2394 Litteras
669 2337 772 2392 eodem
784 2337 881 2391 animo
894 2337 1002 2392 scribit.
1015 2339 1221 2414 Gravissimae
1234 2357 1279 2395 res
1292 2357 1386 2409 nuper
1409 2341 1436 2394 in
1453 2341 1516 2392 Hun-

421 2431 500 2500 garia
513 2437 631 2494 ortae,et
643 2442 718 2479 nova
732 2425 890 2494 Religionis
904 2425 1040 2494 pericula,
1053 2444 1171 2498 operam
1183 2427 1341 2498 efflagitant
1356 2429 1446 2499 ipsius
1459 2428 1516 2480 Pon·

421 2517 505 2572 tificis
518 2525 545 2570 et
562 2515 725 2568 Praesulum
743 2526 842 2580 177.-
857 2514 1046 2582 Summopere
1060 2514 1177 2570 interest
1190 2527 1220 2571 ut
1235 2516 1349 2585 Religio
1363 2519 1441 2571 salva
1453 2513 1515 2568 sitin

329 2643 330 2648 κ
422 2606 537 2660 civitate
563 2600 686 2668 177-178.
700 2629 734 2638 —
749 2601 783 2653 ln
806 2599 986 2668 Religionem
1009 2611 1036 2654 et
1057 2601 1219 2674 Ecclesiam
1236 2604 1375 2658 tuendam
1397 2599 1515 2672 praeclari

422 2691 474 2746 viri
484 2706 548 2746 sese
567 2687 764 2757 impenderunt
777 2687 882 2761 ubique
895 2689 1031 2757 gentium,
1046 2690 1146 2759 quavis
1160 2699 1262 2758 aetate,
1273 2689 1348 2744 inter
1361 2709 1433 2760 quos
1451 2687 1515 2742 multi

422 2789 607 2836 recensentur
621 2775 758 2846 Hungari.
772 2777 907 2830 Testatur
918 2777 1040 2831 historia
1058 2779 1094 2833 de
1107 2789 1169 2834 toto
1185 2780 1253 2833 orbe
1265 2779 1413 2834 catholico
1425 2779 1516 2848 optime

423 2866 554 2920 meritam
567 2879 631 2918 esse
643 2864 844 2932 Hungarorum
856 2874 1059 2934 gentem‚quae
1074 2864 1252 2934 Religionem
1265 2867 1385 2936 tuendo,
1393 2877 1421 2922 et
1430 2873 1515 2921 semet·

424 2956 515 3024 ipsam
529 2951 599 3006 tuita
613 2963 655 3004 est
672 2951 793 3018 178-179.
802 2979 837 2988 —
848 2951 963 3006 Damna
973 2953 1063 3006 multa
1073 2953 1221 3008 Ecclesiae
1234 2955 1436 3009 illatafuerunt
1453 2951 1516 3022 apud

425 3041 588 3107 Hungaros,
602 3038 753 3107 postremis
773 3037 818 3091 his
840 3038 923 3092 annis
944 3051 1047 3106 179.—
1061 3039 1166 3093 Curent
1189 3039 1327 3110 Episcopi
1351 3040 1486 3096 servanda
1503 3054 1516 3091 a

424 3128 499 3180 clero
512 3136 539 3178 et
553 3143 570 3177 a
582 3125 661 3177 laicis
675 3125 790 3177 decreta
804 3123 832 3178 S.
853 3123 937 3178 Sedis
953 3137 1010 3192 179.
1028 3155 1064 3165 ·—
1078 3125 1217 3196 Conjugia
1230 3143 1296 3180 curn
1309 3127 1474 3182 acatholicis
1484 3125 1516 3178 vi·

423 3214 510 3268 tanda
522 3212 802 3282 179·180.-Majora
807 3212 868 3281 jam
878 3213 984 3268 damna
992 3213 1193 3282 impendentH
1198 3230 1371 3284 ungarorum
1379 3213 1516 3284 Religioni:

421 3319 495 3374 quae
509 3301 705 3370 praecavenda
725 3299 801 3353 omni
825 3317 880 3369 ope
902 3301 1039 3370 Episcopi
1052 3311 1151 3356 curent
1169 3303 1226 3356 180.
1241 3331 1275 3341 -
1297 3303 1332 3357 ln
1350 3301 1515 3358 vindicandis

423 3389 572 3445 Ecclesiae
580 3387 691 3456 juribus
704 3397 816 3456 oportet
831 3389 971 3443 Catholici
986 3389 1113 3443 unanimi
1127 3390 1184 3444 sint
1197 3391 1322 3445 etiortes
1340 3392 1402 3446 180.
1417 3421 1447 3429 -
1461 3391 1515 3443 Pm-

421 3479 518 3533 dentia
532 3475 647 3546 quidem
661 3491 733 3544 opus
743 3485 786 3528 est
798 3493 804 3528 :
818 3486 862 3530 ast
876 3477 1070 3547 imprudentes
1084 3477 1123 3531 illi
1137 3489 1201 3532 sunt
1216 3479 1262 3549 qul
1279 3478 1457 3548 Religionem
1474 3479 1515 3531 im·

421 3566 594 3638 punevexari
601 3565 746 3633 patiuntur
755 3564 1002 3620 ido-idn—Varia
1012 3568 1234 3636 exponunturrei
1241 3567 1403 3622 catholicae
1410 3567 1513 3621 multum

421 3654 577 3724 profutura:
588 3652 674 3705 annui
686 3651 901 3706 Catholicorum
914 3665 1070 3708 conventus
1084 3665 1205 3723 agantur
1215 3675 1222 3721 ς
1231 3655 1284 3708 viri
1295 3653 1483 3725 probatissimi
1492 3655 1512 3706 in

421 3742 638 3812 legumlatorem
658 3749 756 3794 coetus
776 3751 965 3810 cooptentur;
985 3743 1215 3811 ephemeridibus
1237 3744 1376 3815 librisque
1389 3741 1513 3814 perversis

421 3829 527 3899 scripta
540 3845 591 3881 sua
605 3827 746 3883 Catholici
760 3840 907 3898 opponant
921 3829 978 3883 181.
993 3859 1028 3870 —
1043 3831 1195 3885 Puerorum
1207 3841 1292 3901 atque
1301 3832 1512 3888 adolescentium

348 3940 350 3944 ·
420 3918 528 3986 optima
542 3916 576 3968 sit
590 3915 738 3968 institutio.
755 3917 788 3968 ln
802 3915 1020 3985 primordiorum
1034 3918 1167 3972 nimirum
1180 3917 1286 3972 scholis
1299 3935 1406 3988 pueros
1417 3932 1511 3973 sacram

420 4005 580 4060 doctrinam
594 4003 648 4071 ipsi
662 4003 792 4058 curiones
806 4005 936 4060 doceant.
952 4005 1132 4075 inspectores
1144 4005 1308 4062 dioecesani
1327 4019 1356 4061 et
1376 4005 1512 4062 decanales

420 4093 636 4148 constituantur.
645 4091 745 4144 Novae
756 4091 871 4146 scholae
882 4091 1035 4162 erigantur,
1042 4095 1158 4164 jamque
1166 4095 1300 4149 conditae
1310 4097 1512 4166 amplificentur.

421 4179 443 4232 si
464 4194 581 4232 necesse
606 4177 642 4230 sit
667 4178 791 4232 181-182.
813 4179 896 4233 -In
909 4179 1011 4234 mediis
1024 4197 1100 4248 vero,
1113 4191 1141 4235 et
1159 4180 1299 4249 majorum
1312 4182 1511 4253 disciplinarum

421 4265 536 4334 scholis,
549 4263 662 4334 Religio
671 4265 814 4322 adelectis
823 4267 890 4322 viris
903 4268 1039 4323 doceatur
1055 4271 1112 4325 182.
1122 4299 1156 4309 -
1168 4269 1310 4326 studeant
1324 4271 1458 4342 Episcopi
1470 4271 1511 4324 sub
