3216 4880
444 255 567 340 runax
594 289 845 340 auanrrncus.
1131 283 1202 356 325

101 471 199 508 mense
214 455 301 526 Majo,
320 456 437 526 parochi
450 458 607 515 rectoribus
623 456 810 526 dioecesanis,
826 455 856 512 hi
868 455 995 512 vicissim
1013 456 1075 510 sedi
1089 453 1207 510 centrali

103 557 239 598 romanae
260 543 428 600 indicabunt
450 545 492 614 85.
512 577 548 586 -
563 551 590 614 5ο
604 545 788 600 Consecratio
802 545 959 600 secundum
972 545 1122 598 formulam
1136 543 1165 598 S.
1174 543 1207 596 C.

100 642 118 681 a
133 629 228 683 Leone
241 631 317 684 XIII
333 631 523 701 approbatam
539 642 692 702 peragetur
704 633 764 687 sive
776 631 909 703 privatim
921 649 939 686 a
951 630 1071 701 singulis
1083 629 1207 697 familiis,

100 713 162 768 sive
172 705 363 792 apluribusin
373 719 531 788 parochiali
542 719 674 773 Ecclesia
684 719 864 789 congregatis
873 735 937 773 cum
951 717 1082 772 Parocbo
1090 717 1135 770 vel
1148 715 1210 786 ejus

102 801 234 872 delegato
249 807 264 857 8
269 819 292 874 5.
305 836 340 844 -
352 807 382 861 6⁰
396 807 497 876 Imago
511 805 685 861 S.FamiIIae
698 806 725 862 in
739 807 872 860 domibus
881 805 1051 860 familiarum
1062 803 1207 859 consocia·

101 898 195 944 tarum
202 892 305 946 adesse
317 893 402 947 debet
413 913 421 960 3
434 911 531 948 coram
545 891 608 963 ipsa
621 892 781 948 communis
794 893 886 948 oratio
899 892 988 947 semel
1002 891 1142 946 saltem'in
1153 889 1209 960 die,

102 986 130 1030 et
151 978 267 1047 quidem
289 995 408 1049 vespere
432 980 456 1034 si
475 981 536 1034 fieri
558 989 661 1050 potest,
684 980 856 1034 instituatur.
879 978 1010 1033 Precatio
1028 995 1046 1034 a
1071 988 1209 1048 regnante

103 1064 131 1119 S.
158 1065 297 1121 Pontilice
326 1068 457 1138 probata,
480 1077 509 1123 et
533 1067 676 1138 quaedam
702 1083 803 1136 preces
828 1065 1016 1136 jaculatorias
1045 1065 1210 1120 recitandae

102 1158 341 1213 commendantur
351 1160 442 1228 85-86.
456 1189 492 1198 -
505 1166 533 1226 7⁰
545 1161 646 1228 Imago
659 1160 686 1214 S.
697 1158 844 1227 Familiae,
853 1157 902 1212 illa
910 1157 947 1212 sit
958 1157 994 1212 de
1004 1173 1061 1226 qua
1071 1157 1099 1211 in
1108 1155 1210 1212 litteris

103 1245 147 1298 Pii
160 1247 202 1300 IX
218 1259 231 1314 5
245 1249 308 1316 Jan.
325 1247 394 1314 1870
405 1249 480 1304 datis
492 1249 524 1304 fit
540 1249 657 1315 mentIo,
676 1249 720 1302 vel
742 1249 829 1304 etiam
849 1247 967 1318 quaevis
978 1259 979 1262 ’
990 1246 1054 1314 alia,
1072 1263 1209 1315 personas

105 1333 133 1386 S.
148 1333 287 1388 Familiae
299 1346 526 1405 repraesentans,
540 1336 620 1392 salvo
633 1345 728 1390 tamen
739 1336 802 1406 jure
813 1333 958 1390 Ordinarii
969 1333 1137 1388 excludendi
1148 1333 1210 1390 illas

104 1419 243 1488 imagines
253 1438 327 1492 quae
340 1423 570 1478 consociationis
580 1423 669 1477 menti
679 1440 737 1478 non
745 1423 926 1478 consentiant
936 1423 979 1477 86.
989 1451 1024 1462 -
1034 1423 1063 1476 8⁰
1072 1421 1211 1490 Familiae

103 1507 245 1577 ascriptae
264 1507 447 1578 indulgentiis
466 1510 495 1564 in
515 1509 726 1580 aggregationis
745 1509 841 1564 libello
862 1509 968 1564 notatis
981 1509 1108 1563 fruentur
1121 1509 1162 1564 86.
1176 1538 1211 1548 —

104 1605 133 1662 9⁰
144 1595 317 1650 Constitutio
330 1613 347 1652 a
362 1597 445 1653 Carti.
461 1599 627 1652 Protectore
640 1598 758 1668 ejusque
769 1596 896 1652 Consilio
909 1595 1032 1664 dabitur,
1041 1597 1090 1650 tibi
1103 1596 1138 1650 de
1151 1595 1211 1667 plu·

103 1681 183 1736 ribus
196 1682 233 1736 ad
245 1685 396 1740 utilitatem
417 1684 853 1754 Consociationisspectantibus
866 1694 974 1754 agetur,
993 1684 1032 1738 uti
1055 1701 1098 1739 ex.
1117 1701 1157 1752 gr.
1175 1684 1213 1740 de

105 1768 187 1822 festis
198 1770 579 1840 celebrandis,conventibus
587 1771 737 1840 habendis,
745 1780 798 1826 etc.
809 1771 852 1826 86.
860 1799 895 1810 -
904 1772 956 1826 Illa
967 1780 1072 1826 statuta
1083 1771 1212 1826 Pontifex

104 1858 274 1926 comprobat
284 1858 325 1912 86.
335 1860 413 1914 -In
424 1860 498 1915 hanc
509 1859 760 1915 Consociationem
770 1868 900 1915 caeterae
910 1860 1073 1914 coalescunt
1082 1877 1088 1924 ;
1097 1858 1212 1930 aliquae

104 1943 291 2013 excipiuntur,
311 1963 384 2018 quae
403 1956 497 2002 tamen
520 1947 564 2015 jus
583 1946 716 2001 amittunt
735 1945 857 2001 familias
870 1945 1050 2000 adscribendi
1073 1945 1163 2012 Sti-87.
1176 1975 1212 1985 ·-

106 2031 247 2087 Familiae
260 2042 345 2088 antea
357 2035 519 2105 adscriptae
532 2033 715 2102 Indulgentiis
729 2034 864 2102 fruentur,
877 2033 963 2087 modo
976 2043 1006 2088 ut
1018 2049 1094 2088 nova
1105 2042 1212 2088 statuta

104 2131 218 2174 servent
243 2122 285 2187 87.
306 2152 341 2162 -
364 2121 593 2176 Consociationis
619 2123 738 2176 Praeses
758 2121 939 2177 constituitur
959 2123 1042 2193 eique
1062 2121 1211 2176 consilium

104 2210 268 2279 assignatur
276 2211 506 2278 87.—studeant
515 2211 563 2283 qui
572 2229 668 2266 curam
678 2211 838 2266 animarum
846 2211 1212 2281 gerunt,Consociationem

105 2317 274 2370 promovere
293 2303 458 2370 praesertim
481 2302 555 2358 inter
573 2301 727 2370 operarios,
741 2312 768 2358 et
781 2304 810 2356 in
824 2303 924 2356 eodem
944 2317 1059 2356 servare
1078 2299 1213 2354 orationis

105 2388 207 2458 spiritu
221 2389 312 2454 87·88.
325 2401 360 2426 -'
373 2389 568 2444 Praesentium
583 2389 738 2444 litterarum
751 2390 907 2444 auctoritas
919 2388 1079 2443 vindicatur
1091 2387 1133 2441 88.

142 2505 189 2556 18.
216 2507 437 2556 ernrsnatr
464 2503 754 2558 aposronrcas:
786 2509 825 2556 ee
853 2483 1127 2568 meurgennrs'et

107 2595 296 2656 Prlxlleglis
317 2597 391 2658 piae
415 2597 676 2646 Consoclatlonls
700 2608 720 2644 a
739 2597 838 2646 Sacra
857 2595 1010 2645 Famllla.
1025 2618 1057 2628 -
1082 2592 1125 2642 20

104 2682 306 2734 Jun1t1892.
1059 2692 1123 2746 pag.
1179 2673 1214 2742 89

140 2801 285 2854 Memorat
298 2800 427 2854 Pontifex
440 2818 455 2855 a
467 2818 498 2855 se
519 2818 609 2870 nuper
629 2803 750 2870 probata
762 2801 850 2855 fuisse
864 2811 971 2854 statuta
985 2797 1214 2854 Consociationis

105 2888 215 2944 Sacrae
228 2889 375 2956 Familiae,
388 2905 475 2958 quam
488 2889 595 2944 nostris
609 2890 777 2958 praesertim
788 2888 964 2958 temporibus
975 2884 1215 2959 opportunissIme

103 2986 230 3031 erectam
243 2976 368 3030 ostendit
382 2976 423 3044 89.
441 3005 476 3015 -
488 2976 536 3030 Ad
549 2976 643 3031 fausta
663 2977 738 3030 illius
758 2975 935 3030 incrementa
954 2987 1145 3045 opportunum
1164 2975 1214 3028 du-

105 3081 175 3118 cens
187 3063 345 3132 praemium
361 3064 614 3134 Indulgentiarum‚
626 3065 752 3120 decernit
775 3063 973 3134 infrascriptas
994 3063 1186 3132 indulgentias
1198 3078 1216 3116 a

109 3152 257 3208 sodalibus
270 3153 420 3207 lucrandas
435 3154 523 3222 8994.
538 3183 573 3192 -
586 3155 721 3208 Formula
734 3153 879 3208 recitanda
893 3169 910 3208 a
931 3152 1101 3206 Christianis
1122 3152 1216 3206 Fami-

103 3239 151 3294 liis
163 3253 207 3308 95.

141 3362 189 3412 19.
204 3363 412 3412 EPISTOLA
426 3363 468 3412 ad
478 3362 638 3412 Comitem
650 3363 690 3412 ds
700 3364 765 3412 Loe
778 3363 990 3413 deconvsntu
1004 3361 1126 3412 Catho-

105 3455 247 3502 llcorum
266 3451 300 3498 ln
321 3449 753 3500 Fulda.—27.Iunlll892.
1058 3461 1122 3513 pag.
1177 3443 1213 3512 96
1242 3497 1247 3514 ,

143 3560 280 3624 Pergrata
291 3556 344 3610 sibi
356 3556 443 3611 fuisse
453 3567 573 3611 testatur
583 3557 712 3612 Pontifex
725 3558 835 3628 quaem
846 3569 986 3612 conventu
1002 3559 1024 3610 F
1027 3557 1137 3610 uidensi
1148 3567 1214 3610 sunt

105 3657 179 3714 acta,
192 3657 220 3701 et
242 3645 339 3700 laudat
353 3645 563 3700 catholicorum
579 3646 752 3700 Gemraniae
771 3647 858 3700 zelum
872 3646 1076 3701 connitentium
1090 3655 1120 3700 ut
1131 3646 1215 3716 plena

107 3733 254 3802 religionis
276 3733 434 3788 catholicae
452 3733 569 3788 libertas
586 3734 623 3787 ab
643 3733 705 3802 ipsa
725 3735 787 3802 lege
805 3734 879 3808 civili
899 3733 1108 3788 communiatur
1126 3733 1169 3802 96.
1181 3761 1216 3772 -

113 3823 257 3876 Memorat
271 3837 302 3874 se
315 3820 426 3890 legibus
444 3819 590 3874 obstitisse
603 3821 631 3876 in
646 3821 806 3876 Ecclesiam
820 3822 885 3876 latis
898 3824 990 3878 cultus
1011 3820 1102 3876 civilis
1120 3818 1216 3875 tuendi

108 3910 226 3966 nomine
239 3908 281 3978 96.
293 3937 327 3946 -
337 3910 462 3978 Exoptat
472 3919 502 3963 ut
516 3909 593 3978 leges
607 3909 729 3979 iniquae,
742 3909 911 3979 praesertim
924 3911 960 3966 de
973 3909 1105 3978 religiosa
1115 3909 1212 3978 juveu-

107 3996 177 4053 tutis
190 3987 378 4062 institutione,
391 3997 564 4064 abrogentur
577 3995 667 4064 9697.
680 4025 715 4035 -
729 3996 919 4051 Connitantur
931 3997 959 4050 in
973 3997 1002 4051 id
1017 3999 1129 4052 Fideles
1143 3999 1212 4052 Ger·

105 4087 230 4156 maniae,
252 4086 420 4141 Antistitum
446 4089 561 4140 suorum
581 4087 675 4140 ductu.
697 4085 797 4140 Aderit
818 4086 968 4141 auxiliator
1000 4087 1080 4141 Deus
1109 4101 1152 4155 97.
1177 4116 1213 4126 —

106 4179 261 4231 Paternum
274 4173 400 4228 animum
413 4173 559 4244 profitetur
577 4173 706 4227 Pontifex
725 4172 754 4226 In
765 4188 865 4227 omnes
877 4172 925 4244 qui
939 4172 1016 4227 sedis
1030 4175 1213 4243 Apostolicae

105 4265 167 4335 jure
186 4263 215 4317 in
228 4262 344 4316 laudato
356 4271 497 4317 conventu
510 4260 695 4316 adseruerunt
708 4273 754 4330 97.
