3222 4888
439 239 507 328 198
688 263 869 315 sprsroun
899 251 918 280 “
937 265 1018 316 uon
1047 243 1284 317 Manrocn1.''

435 413 634 498 Collegium,
649 435 746 480 suurn
765 417 923 480 Bohemis
954 418 987 480 in
1006 417 1101 481 Urbe
1128 415 1343 500 aperuimus:
1360 413 1510 477 Maroniti-

434 537 510 582 cum
527 540 605 583 vero
621 529 658 584 ut
674 521 717 584 ad
733 521 908 602 pristinam
937 519 1138 603 dignitatem
1166 529 1386 594 revocaretur,
1410 517 1513 580 curavi·

436 641 519 687 mus.

329 736 409 798 Quae·
481 723 519 817 ln
536 723 599 788 hac
615 725 865 808 peregrinorum
882 728 1146 792 adolescentium
1164 728 1351 810 frequentia
1381 727 1413 790 id
1436 744 1516 807 aegre

292 803 414 917 522⁸,ss
436 824 633 904 serebamus,
649 829 740 911 quod
757 829 885 894 alumni
899 851 967 895 non
983 832 1032 894 ita
1049 833 1146 895 multi
1163 841 1417 895 numerarentur
1428 851 1444 893 e
1456 829 1517 892 civi-

285 931 412 1047 qulgssf
435 931 497 994 bus
513 932 639 996 vestris.
652 931 881 1014 Quamobrem
898 943 1051 1017 speratae
1062 935 1217 999 utilitatis
1234 933 1446 1016 cogitatione,
1457 950 1517 994 con·

285 1005 410 1127 ruffin.
435 1035 546 1100 silium
563 1036 713 1118 cepimus
729 1036 868 1115 efficere,
884 1047 920 1102 ut
936 1039 1101 1104 urbanum
1127 1039 1322 1103 clericorum
1349 1035 1519 1119 hispanien-

293 1128 413 1194 sutura,·
436 1139 522 1204 sium
540 1139 730 1222 collegium,
745 1142 836 1224 quod
854 1161 921 1205 non
938 1143 985 1206 ita
1006 1143 1135 1225 pridem
1165 1143 1297 1224 piorum
1329 1141 1520 1204 sacerdotum

436 1242 569 1324 sapiens
586 1243 750 1308 industria
773 1243 937 1322 fundavit,
964 1266 1031 1310 non
1060 1246 1164 1310 modo
1189 1245 1312 1310 stabile
1340 1261 1523 1327 permanere,

438 1347 496 1412 sed
513 1348 555 1411 ad
572 1348 777 1412 incrementa
794 1367 972 1430 properare
988 1360 1099 1432 queat.
1117 1349 1233 1413 Placet
1249 1349 1351 1431 igitur
1374 1357 1423 1425 ut,
1445 1353 1525 1429 quot·

437 1460 520 1534 quot
536 1471 580 1516 ex
591 1451 770 1515 Peninsula
787 1451 917 1517 lberica
933 1453 1139 1535 proximisve
1151 1451 1269 1516 insulis
1285 1452 1457 1526 inditione
1469 1447 1525 1512 sitis

440 1554 545 1636 Regis
560 1553 725 1630 catholici,
737 1555 770 1617 in
788 1555 870 1618 illud
888 1556 1113 1633 convenerint,
1128 1557 1196 1620 sint
1212 1556 1246 1618 in
1271 1555 1381 1619 tutela
1396 1555 1527 1618 Nostra:

439 1659 676 1741 communique
701 1668 835 1722 utentes
851 1660 1015 1738 convictu,
1031 1659 1199 1724 lectorum
1227 1659 1475 1724 moderatorum
1493 1655 1529 1718 di·
1570 1679 1571 1684 ¹

440 1760 590 1845 sciplina,
612 1761 659 1824 eis
683 1761 803 1824 studiis
833 1771 1021 1842 operentur,
1047 1781 1133 1844 quac
1164 1761 1366 1846 exquisitius
1400 1761 1529 1824 animun

278 1911 343 1948 ,m
353 1895 418 1945 sedes
441 1865 680 1948 ingeniumque
696 1863 881 1947 perficiunt.
897 1863 1136 1947 Opportunam
1152 1865 1245 1949 operi
1262 1867 1377 1930 sedem
1395 1865 1530 1930 domurn·

287 1963 418 2078 illaquam:
442 1991 507 2053 que
538 1969 746 2053 praebituras
778 1970 980 2033 arbitramur
1012 1971 1112 2034 aedes
1151 1968 1307 2044 urbanas,
1344 1987 1366 2031 a
1399 1968 1530 2032 Ducibus
1573 1985 1574 2074 q

383 2041 415 2086 r,
441 2073 601 2156 Altenrps,
616 2071 781 2156 prioribus
797 2073 954 2148 dominis,
970 2083 1190 2157 nuncupatas,
1206 2073 1343 2156 proprio
1369 2091 1458 2136 nunc
1479 2071 1534 2132 inre

444 2177 586 2242 Nostras
602 2185 635 2240 et
650 2175 869 2257 Apostolicae
886 2175 1005 2242 Sedis:
1020 2198 1061 2240 eo
1085 2177 1135 2240 vel
1164 2177 1272 2259 magis
1296 2177 1390 2260 quod
1422 2175 1492 2239 illae
1515 2191 1529 2233 a
1574 2125 1575 2208 l

445 2279 590 2345 sacrario
606 2276 741 2341 Aniceti
750 2277 921 2342 Pontificis
938 2279 1107 2363 Martyris,
1122 2281 1217 2344 cuius
1234 2281 1360 2344 ibidem
1389 2280 1473 2342 sacri
1495 2296 1535 2338 ce·
1575 2267 1576 2356 l

446 2403 540 2448 neres
557 2381 743 2465 quiescunt,
759 2381 907 2464 itemque
923 2404 942 2447 a
959 2385 1122 2448 memoria
1148 2383 1426 2450 commorationis
1444 2377 1536 2448 Caroli
1576 2407 1577 2488 q

445 2485 617 2554 Borromei
631 2487 858 2552 nobilitantur.
877 2487 1003 2552 Earum
1030 2487 1132 2570 igitur
1162 2487 1296 2552 aedium
1324 2507 1426 2551 usum
1449 2495 1533 2565 atque

446 2590 689 2657 usumfructum
715 2591 931 2656 concedimus
958 2601 991 2653 et
1014 2591 1230 2654 attribuimus
1246 2589 1401 2674 Collegio
1417 2589 1535 2673 Episco

447 2715 566 2778 porum
585 2695 781 2778 Hispaniae,
796 2695 859 2757 hac
886 2695 959 2776 lcge
988 2703 1024 2758 ut
1048 2693 1086 2756 iis
1112 2703 1249 2758 utantur
1277 2695 1320 2758 ad
1338 2691 1539 2777 accipiendos

448 2801 659 2881 tuendosque
674 2817 810 2862 suarum
828 2797 1037 2862 Dioeceseon
1055 2797 1203 2875 clericos,
1219 2799 1246 2860 si
1264 2818 1349 2881 quos
1365 2798 1536 2862 studiorum

449 2923 576 2980 caussa,
591 2903 639 2966 uti
655 2899 815 2978 diximus,
841 2901 906 2964 buc
935 2899 1118 2964 mittendos
1147 2900 1364 2966 decreverint.
1384 2901 1540 2985 Qrovero

449 3005 724 3090 cogitata'citius
751 3003 948 3080 efficiantur,
972 3005 1162 3087 pariterque
1189 3013 1323 3090 tempus
1351 3001 1539 3070 instruendis

448 3111 587 3176 aedibus
602 3111 786 3193 ceterisque
802 3109 901 3173 rebus
917 3109 1121 3191 apparandis
1139 3111 1363 3174 necessarium
1389 3115 1541 3191 suppetat,

448 3230 568 3286 coeant
584 3221 709 3284 interea
726 3219 834 3283 clerici
852 3219 884 3282 in
898 3229 1024 3283 certam
1041 3219 1265 3300 idoneamque
1279 3225 1411 3298 partem
1421 3213 1538 3279 aedium

298 3350 369 3413 etque
386 3362 423 3395 re·
449 3325 585 3391 illustris
608 3323 754 3387 familiae
770 3323 941 3387 Alliariae.
956 3357 1000 3371 -
1017 3321 1298 3404 Arcbiepiscopos
1325 3327 1441 3384 autern
1458 3315 1539 3380 Tole-

268 3413 422 3529 {ffljffl'
449 3439 566 3495 tanum
578 3439 611 3494 et
629 3429 867 3511 Hispalensem
884 3427 1111 3509 designamus,
1127 3423 1181 3508 qui
1200 3424 1389 3488 Nobiscum
1417 3433 1452 3486 et
1477 3436 1541 3484 cum

450 3532 696 3598 successoribus
713 3531 845 3596 Nostris
856 3531 899 3595 de
909 3528 1052 3612 negotiis
1063 3527 1204 3610 Collegii
1217 3525 1428 3610 gravioribus
1440 3529 1540 3607 agant

451 3637 496 3701 ob
511 3657 653 3719 eamque
669 3655 821 3700 caussam
839 3633 1072 3716 praecipimus,
1089 3641 1124 3696 ut
1141 3632 1168 3694 is
1181 3631 1237 3714 qui
1251 3627 1404 3711 Collegio
1415 3633 1543 3712 praeest,

451 3741 494 3806 de
510 3760 545 3804 re
560 3739 724 3816 familiari,
739 3740 782 3802 de
798 3737 974 3820 disciplina
991 3735 1206 3817 moribusque
1222 3733 1440 3797 alumnorum
1460 3735 1541 3813 quot·

452 3843 550 3908 annis
566 3863 642 3906 curn
659 3843 702 3906 ad
719 3862 846 3906 sacrum
863 3839 1049 3907 Consilium
1068 3839 1230 3903 Nostrum
1253 3836 1373 3901 studiis
1389 3831 1544 3918 regundis,

452 3956 524 4012 turn
542 3947 584 4010 ad
602 3945 884 4028 Archiepiscopos
900 3963 1000 4026 supra
1023 3943 1131 4006 dictos
1156 3941 1285 4023 scripto
1309 3939 1440 4015 reserat,
1466 3937 1543 4018 iique

319 4097 427 4162 most·
454 4041 1541 4132 adCollegassuos,HispaniaeEpiscopos,reierendumcurabunt.

274 4163 310 4214 cis
329 4164 428 4240 incepta
454 4189 496 4203 -
524 4153 630 4218 Modo
656 4163 804 4216 vestrum
833 4161 893 4229 est,
915 4149 1135 4215 Venerabiles
1162 4149 1306 4224 Fratres,
1331 4145 1457 4210 Nostra
1473 4142 1544 4204 lraec

295 4227 427 4360 {mig
454 4259 588 4343 incepta
600 4256 894 4341 adiuvare,exequi
907 4255 1027 4338 :idque
1043 4251 1216 4318 alacritate
1228 4261 1261 4316 et
1272 4249 1544 4316 industriatauta,
