3250 4888
416 255 482 323 142
539 253 729 304 mereare
746 249 1005 302 naosrotrcna
1027 239 1047 266 “
1066 251 1301 303 oanvrssrna
1318 251 1400 304 uos.
1422 229 1441 254 '¹

238 417 281 464 nis
292 414 384 493 pgaefi-
411 425 453 467 eo
468 406 607 468 consilio
624 414 661 466 ut
677 423 778 486 quam
793 402 943 466 maxime
956 402 1067 466 idonei
1081 403 1299 464 instituantur
1313 402 1357 466 ad
1373 402 1516 483 gloriam

290 489 382 558 natum,
411 512 559 574 divinam
577 511 777 590 augendam,
806 507 1034 587 utilitatesque
1050 507 1278 587 procurandas
1296 507 1468 570 Ecclesiae
1485 515 1517 569 et

412 615 655 696 proximorum,
670 633 779 696 neque
796 612 905 675 minus
923 621 959 674 ut
980 611 1157 674 consulant
1181 631 1243 673 suo
1267 611 1415 694 ipsorum
1440 631 1517 694 pro·

296 747 382 794 pm.
412 721 522 784 lectui.
539 719 636 802 Quae
652 718 788 801 quidem
807 717 892 779 ratio
908 725 978 778 tam
1005 735 1112 797 aequa
1128 717 1198 778 visa
1223 724 1274 778 est
1292 714 1399 780 Nobis
1416 725 1517 797 atque

228 813 384 941 'mm
412 835 612 910 opportuna,
635 832 680 901 ut,
703 821 836 886 etiamsi
858 841 916 903 per
942 820 1120 885 Societatis
1146 820 1236 902 leges
1254 831 1433 903 praecepta
1449 839 1516 883 non

187 920 189 925 ’
235 944 383 991 auctoritare
411 940 509 1006 esset,
526 949 599 992 eam
618 925 826 1007 Nosmetipsi
843 925 1150 1006 praecepissemus;
1167 925 1199 987 id
1217 925 1307 1006 quod
1324 946 1386 1006 pro
1402 933 1516 988 aucto-

260 1007 385 1136 ²232?ss
411 1035 509 1096 ritate
524 1031 651 1094 Nostra
673 1026 872 1110 Apostolica
890 1029 921 1088 in
939 1027 1129 1108 praesentia
1145 1027 1287 1090 facimus
1303 1037 1405 1111 atque
1417 1029 1515 1093 edici·

324 1139 382 1186 dam
410 1157 494 1202 mus.
506 1173 549 1183 -
567 1134 643 1196 Hoc
660 1143 773 1194 tamen
788 1141 821 1193 et
838 1131 1000 1194 laetitiam
1019 1129 1115 1194 affert
1131 1141 1165 1194 et
1182 1141 1283 1213 auget
1298 1153 1404 1215 spem,
1415 1135 1516 1214 quod,

408 1259 512 1322 quum
529 1236 683 1298 alumnos
701 1233 880 1298 Societatis
899 1233 985 1297 lESU
1005 1235 1037 1295 in
1058 1243 1186 1315 partem
1205 1254 1327 1318 operae
1343 1255 1447 1318 quam
1465 1259 1515 1299 ur-

407 1363 534 1426 gemus,
548 1339 786 1402 instaurandae
798 1336 830 1402 S.
845 1336 999 1399 Thomae
1012 1338 1255 1420 philosophiae,
1266 1339 1514 1418 adsciverimus‚

408 1448 489 1512 nihil
507 1454 679 1528 praeterea
695 1461 781 1523 opus
805 1442 849 1504 sit
871 1441 933 1504 nisi
951 1451 987 1504 ut
1004 1463 1061 1504 eos
1077 1443 1119 1506 ad
1137 1443 1292 1508 instituta
1317 1445 1515 1528 disciplinae

407 1573 488 1616 suae
504 1547 726 1614 custodienda
753 1545 980 1609 adhortemur.
1005 1545 1105 1628 Quod
1132 1549 1159 1609 si
1185 1549 1399 1630 praescriptis
1423 1549 1514 1612 hisce

259 1667 379 1743 αΙκςνικιζε,
408 1655 541 1720 Nostris
565 1654 666 1716 iidem
695 1651 875 1716 Societatis
907 1651 1034 1714 alumni
1063 1651 1216 1733 religiose
1239 1653 1367 1717 debent
1396 1673 1514 1716 omnes

241 1741 382 1847 :2¹5ngss
407 1760 650 1841 diligenterque
667 1775 792 1836 parere,
809 1755 997 1837 religiosius
1021 1754 1146 1818 debent
1161 1774 1200 1817 ac
1214 1755 1418 1837 diligentius,
1442 1767 1513 1820 tum

240 1863 379 1928 praesectis.
409 1862 568 1944 magistri,
584 1857 826 1922 conformanda
843 1857 885 1921 ad
913 1879 951 1920 ea
978 1857 1150 1920 iuventute
1166 1877 1267 1940 quam
1292 1859 1426 1937 docent,
1442 1871 1514 1922 tum

408 1967 594 2031 studiorum
612 1962 780 2045 praelecti,
795 1961 969 2043 vigilando
984 1969 1018 2024 et
1034 1963 1183 2026 curando
1196 1971 1232 2026 ut
1245 1964 1375 2046 integra
1388 1983 1429 2026 ea
1441 1965 1515 2044 ipsa

300 2081 383 2128 Mode-
409 2071 542 2136 valeant
558 2078 592 2132 et
618 2068 844 2130 observentur.
862 2067 939 2130 Hoc
966 2076 1080 2130 autem
1108 2089 1153 2130 ex
1181 2069 1385 2132 conscientia
1413 2069 1514 2132 officii

231 2145 386 2276 mist?
409 2174 620 2258 singulariter
646 2171 854 2253 praestabunt
878 2172 1115 2249 moderatores,
1140 2193 1281 2255 quorum
1307 2183 1359 2237 est
1383 2175 1516 2239 sodales

227 2283 385 2391 eosdrqapmq
408 2285 451 2346 ad
469 2279 661 2362 magisteria
677 2276 844 2359 deligere:
872 2297 981 2360 neque
1000 2278 1156 2341 dubitent
1172 2299 1245 2341 sese
1262 2279 1294 2340 in
1312 2279 1386 2361 ipsa
1401 2291 1515 2344 aucto-

275 2357 379 2472 qeuhlah‘.
409 2389 506 2450 ritate
523 2385 647 2448 Nostra
663 2381 758 2458 tueri,
775 2390 812 2444 ut
828 2401 913 2462 quos
937 2383 1186 2464 obtemperanti
1211 2383 1347 2464 ingenio
1371 2383 1517 2448 viderint

250 2475 285 2588 g
281 2473 383 2588 {14:²25
409 2498 442 2552 et
462 2488 631 2550 studiosos
647 2485 819 2548 doctrinae
837 2483 870 2548 S.
887 2484 1050 2560 Thomae,
1066 2505 1124 2546 eos
1146 2486 1266 2547 merito
1282 2484 1419 2548 foveant
1439 2508 1516 2568 pro-

230 2607 314 2654 derint
331 2613 381 2652 stu·
408 2593 608 2673 vehantque,
629 2609 712 2672 quos
729 2609 808 2650 vero
824 2587 866 2650 ad
892 2587 984 2650 illam
1001 2589 1155 2650 noverint
1184 2589 1294 2651 minus
1320 2609 1517 2672 propensos,

294 2671 382 2719 drosos.
408 2717 464 2760 cos
481 2716 501 2758 a
518 2693 728 2775 magisteriis,
744 2702 897 2772 respectu
914 2691 1089 2754 hominum
1108 2691 1209 2768 nulle,
1225 2693 1457 2758 submoveant.
1474 2732 1517 2742 —

252 2826 381 2889 orpora.
410 2800 462 2862 lta
478 2799 510 2860 in
528 2793 700 2878 pontificia
726 2793 956 2858 Universitate
981 2795 1197 2876 Gregoriana,
1213 2815 1299 2878 quae
1322 2795 1389 2858 lere
1414 2805 1465 2859 est
1483 2797 1514 2859 in

230 2893 381 3006 ”qiam
407 2908 590 2980 conspectu
609 2897 743 2974 Nostro,
760 2897 793 2959 in
811 2917 913 2978 quam
931 2899 1152 2979 cogitationes
1172 2907 1205 2960 et
1221 2918 1318 2960 curas
1335 2919 1402 2962 non
1426 2899 1516 2962 leves

294 3023 379 3071 auur.
407 3002 621 3079 contulimus,
637 3001 803 3064 laetamur
817 3002 945 3082 optatis
968 3001 1133 3083 iussisque
1150 3001 1284 3064 Nostris
1301 3001 1382 3064 satis
1397 3004 1515 3067 admo-

407 3108 487 3169 dum
516 3125 588 3167 esse
615 3103 751 3181 lactum,
778 3123 920 3186 eamque
947 3105 1101 3167 videmus
1129 3117 1308 3188 propterea
1332 3115 1365 3168 et
1390 3127 1515 3189 magna

408 3209 595 3292 frequentia
610 3207 823 3270 alumnorum
841 3217 874 3270 et
890 3209 1063 3271 doctrinae
1087 3207 1177 3270 lama
1194 3219 1304 3272 rectae
1320 3207 1517 3293 solidaeque

407 3315 588 3376 florentem.
607 3313 749 3375 Fructus
766 3313 867 3374 iidem
886 3322 956 3375 tam
977 3312 1196 3394 praestabiles
1211 3313 1427 3377 desiderandi
1442 3317 1515 3397 qui·

367 3437 368 3442 ¹
407 3420 483 3480 dem
502 3435 568 3480 non
586 3429 692 3492 erunt,
710 3415 913 3498 ubicumque
929 3416 1084 3479 doctrina
1097 3416 1308 3497 impertiatur
1320 3415 1363 3480 ab
1377 3415 1417 3479 iis
1429 3437 1516 3499 quos

407 3522 523 3584 eadem
544 3539 638 3581 mens
655 3527 742 3598 agat,
758 3519 877 3580 eadem
895 3519 1039 3581 aluerint
1056 3519 1177 3582 studia.

263 3641 381 3689 praesen·
451 3625 508 3687 Ad
525 3624 690 3698 ultimum,
705 3640 772 3703 quo
789 3623 995 3704 praescripta
1009 3623 1134 3685 Nostra
1151 3619 1277 3684 firmius
1293 3634 1516 3705 permaneant

227 3707 383 3821 mmhlhs
408 3739 441 3792 et
469 3728 587 3791 melius
614 3726 825 3807 ampliusque
849 3727 1040 3803 succedant,
1056 3727 1275 3804 decernimur,
1291 3736 1329 3790 ut
1344 3727 1519 3810 haeApo-

257 3837 384 3901 definitur
408 3831 546 3895 stolicae
562 3830 691 3893 litterae
708 3829 740 3890 in
755 3827 860 3891 forma
875 3829 990 3892 Brevis
1003 3831 1112 3905 datae,
1123 3829 1155 3891 in
1174 3831 1326 3893 universa
1344 3829 1520 3896 Societate

411 3937 497 4000 IESU
514 3935 582 3996 sint
609 3944 642 3997 et
669 3933 713 3995 ab
739 3932 896 3996 omnibus
922 3935 1110 3998 habeantur
1127 3943 1301 4016 tamquam
1318 3933 1463 3998 definita
1479 3957 1520 3999 ac

409 4048 569 4122 perpetua
586 4039 642 4100 lex
671 4039 713 4100 de
739 4036 966 4101 doctrinarum
991 4038 1125 4102 delectu
1142 4059 1149 4115 ;
1166 4048 1203 4100 ut
1218 4039 1261 4101 ad
1278 4047 1389 4102 cetera
1406 4043 1522 4121 ponti-

409 4139 483 4202 ficia
516 4139 729 4213 documenta,
763 4135 883 4218 quibus
926 4136 1138 4218 complentur
1170 4137 1324 4200 instituta
1363 4137 1521 4204 eiusdem

316 4247 318 4250 ’
410 4243 597 4318 SocietatiS‚
614 4241 848 4322 adiungantur,
864 4249 967 4322 atque
983 4249 1158 4322 tamquam
1177 4249 1267 4303 certa
1294 4241 1522 4308 consulantur

276 1337 280 1368 l
