<?xml version="1.0" encoding="UTF-8"?>
<!DOCTYPE html PUBLIC "-//W3C//DTD XHTML 1.0 Transitional//EN"
    "http://www.w3.org/TR/xhtml1/DTD/xhtml1-transitional.dtd">
<html xmlns="http://www.w3.org/1999/xhtml" xml:lang="en" lang="en">
 <head>
  <title>
</title>
<meta http-equiv="Content-Type" content="text/html;charset=utf-8" />
  <meta name='ocr-system' content='tesseract 3.04.00' />
  <meta name='ocr-capabilities' content='ocr_page ocr_carea ocr_par ocr_line ocrx_word'/>
</head>
<body>
  <div class='ocr_page' id='page_1' title='image "./sanctissimidomi01xiiigoog_0255.png"; bbox 0 0 3222 4888; ppageno 0'>
   <div class='ocr_carea' id='block_1_1' title="bbox 407 253 1505 348">
    <p class='ocr_par' dir='ltr' id='par_1_1' title="bbox 407 253 1592 448">
     <span class='ocr_line' id='line_1_1' title="bbox 407 253 1505 348; baseline -0.002 -20"><span class='ocrx_word' id='word_1_1' title='bbox 407 258 478 348; x_wconf 87' lang='lat'>248</span> <span class='ocrx_word' id='word_1_2' title='bbox 507 279 624 330; x_wconf 70' lang='lat' dir='ltr'>amsa.</span> <span class='ocrx_word' id='word_1_3' title='bbox 647 278 804 328; x_wconf 75' lang='lat' dir='ltr'>aucncc.</span> <span class='ocrx_word' id='word_1_4' title='bbox 830 265 850 293; x_wconf 82' lang='lat'>⁸⁴</span> <span class='ocrx_word' id='word_1_5' title='bbox 869 277 1068 327; x_wconf 74' lang='lat' dir='ltr'>enarrans</span> <span class='ocrx_word' id='word_1_6' title='bbox 1093 276 1466 342; x_wconf 76' lang='lat' dir='ltr'>Pnovrnaurmaous.</span> <span class='ocrx_word' id='word_1_7' title='bbox 1489 253 1505 278; x_wconf 90' lang='lat'>&#39;&#39;</span> 
     </span>
    </p>
   </div>
   <div class='ocr_carea' id='block_1_2' title="bbox 267 423 1592 507">
    <p class='ocr_par' dir='ltr' id='par_1_2' title="bbox 267 423 1592 507">
     <span class='ocr_line' id='line_1_2' title="bbox 267 423 1592 507; baseline 0 -21"><span class='ocrx_word' id='word_1_8' title='bbox 267 439 376 504; x_wconf 78' lang='lat' dir='ltr'>parsit</span> <span class='ocrx_word' id='word_1_9' title='bbox 401 433 434 487; x_wconf 90' lang='lat' dir='ltr'>et</span> <span class='ocrx_word' id='word_1_10' title='bbox 459 423 510 488; x_wconf 92' lang='lat' dir='ltr'>sit.</span> <span class='ocrx_word' id='word_1_11' title='bbox 538 423 691 506; x_wconf 89' lang='lat' dir='ltr'>Utraque</span> <span class='ocrx_word' id='word_1_12' title='bbox 714 424 795 500; x_wconf 91' lang='lat' dir='ltr'>laus,</span> <span class='ocrx_word' id='word_1_13' title='bbox 819 443 905 505; x_wconf 89' lang='lat' dir='ltr'>quae</span> <span class='ocrx_word' id='word_1_14' title='bbox 932 424 1086 486; x_wconf 80' lang='lat' dir='ltr'>doctrina</span> <span class='ocrx_word' id='word_1_15' title='bbox 1116 445 1197 488; x_wconf 89' lang='lat' dir='ltr'>sana</span> <span class='ocrx_word' id='word_1_16' title='bbox 1213 427 1372 507; x_wconf 87' lang='lat' dir='ltr'>vitaeque</span> <span class='ocrx_word' id='word_1_17' title='bbox 1388 425 1503 486; x_wconf 89' lang='lat' dir='ltr'>sancti·</span> <span class='ocrx_word' id='word_1_18' title='bbox 1591 467 1592 474; x_wconf 50' lang='lat'>,</span> 
     </span>
    </p>
   </div>
   <div class='ocr_carea' id='block_1_3' title="bbox 223 502 1506 617">
    <p class='ocr_par' dir='ltr' id='par_1_3' title="bbox 223 502 1506 617">
     <span class='ocr_line' id='line_1_3' title="bbox 223 502 1506 617; baseline -0.005 -21"><span class='ocrx_word' id='word_1_19' title='bbox 223 502 372 617; x_wconf 50' lang='grc' dir='ltr'>ίίζῇξῐᾰῖ</span> <span class='ocrx_word' id='word_1_20' title='bbox 401 529 514 592; x_wconf 91' lang='lat' dir='ltr'>monia</span> <span class='ocrx_word' id='word_1_21' title='bbox 540 529 718 612; x_wconf 85' lang='lat' dir='ltr'>praecipue</span> <span class='ocrx_word' id='word_1_22' title='bbox 745 527 947 602; x_wconf 86' lang='lat' dir='ltr'><strong>continetur,</strong></span> <span class='ocrx_word' id='word_1_23' title='bbox 976 529 1008 590; x_wconf 91' lang='lat' dir='ltr'>in</span> <span class='ocrx_word' id='word_1_24' title='bbox 1033 527 1245 592; x_wconf 85' lang='lat' dir='ltr'>adolescente</span> <span class='ocrx_word' id='word_1_25' title='bbox 1269 527 1407 611; x_wconf 90' lang='lat' dir='ltr'>quidem</span> <span class='ocrx_word' id='word_1_26' title='bbox 1424 529 1506 591; x_wconf 89' lang='lat' dir='ltr'>clero</span> 
     </span>
    </p>
   </div>
   <div class='ocr_carea' id='block_1_4' title="bbox 220 630 1593 1130">
    <p class='ocr_par' dir='ltr' id='par_1_4' title="bbox 265 630 1501 713">
     <span class='ocr_line' id='line_1_4' title="bbox 265 630 1501 713; baseline -0.002 -19"><span class='ocrx_word' id='word_1_27' title='bbox 265 636 373 710; x_wconf 55' lang='lat' dir='ltr'>trinam</span> <span class='ocrx_word' id='word_1_28' title='bbox 398 631 572 712; x_wconf 85' lang='lat' dir='ltr'>potissime</span> <span class='ocrx_word' id='word_1_29' title='bbox 603 630 791 694; x_wconf 90' lang='lat' dir='ltr'>accuranda</span> <span class='ocrx_word' id='word_1_30' title='bbox 821 639 882 707; x_wconf 92' lang='lat' dir='ltr'>est,</span> <span class='ocrx_word' id='word_1_31' title='bbox 913 641 1021 713; x_wconf 87' lang='lat' dir='ltr'>neque</span> <span class='ocrx_word' id='word_1_32' title='bbox 1052 640 1165 694; x_wconf 89' lang='lat' dir='ltr'>tamen</span> <span class='ocrx_word' id='word_1_33' title='bbox 1198 632 1309 694; x_wconf 90' lang='lat' dir='ltr'>minus</span> <span class='ocrx_word' id='word_1_34' title='bbox 1327 641 1378 695; x_wconf 89' lang='lat' dir='ltr'>est</span> <span class='ocrx_word' id='word_1_35' title='bbox 1396 641 1501 694; x_wconf 77' lang='lat' dir='ltr'>custo</span> 
     </span>
    </p>

    <p class='ocr_par' dir='ltr' id='par_1_5' title="bbox 220 705 1593 921">
     <span class='ocr_line' id='line_1_5' title="bbox 220 705 1504 817; baseline -0.003 -17"><span class='ocrx_word' id='word_1_36' title='bbox 220 705 359 750; x_wconf 72' lang='lat' dir='ltr'>sanctam.</span> <span class='ocrx_word' id='word_1_37' title='bbox 398 737 522 800; x_wconf 91' lang='lat' dir='ltr'>dienda</span> <span class='ocrx_word' id='word_1_38' title='bbox 551 745 585 799; x_wconf 88' lang='lat' dir='ltr'>et</span> <span class='ocrx_word' id='word_1_39' title='bbox 616 733 830 817; x_wconf 89' lang='lat' dir='ltr'>provehenda</span> <span class='ocrx_word' id='word_1_40' title='bbox 862 736 894 797; x_wconf 93' lang='lat' dir='ltr'>in</span> <span class='ocrx_word' id='word_1_41' title='bbox 927 732 1016 798; x_wconf 91' lang='lat' dir='ltr'>clero</span> <span class='ocrx_word' id='word_1_42' title='bbox 1049 735 1175 814; x_wconf 89' lang='lat' dir='ltr'>adulto,</span> <span class='ocrx_word' id='word_1_43' title='bbox 1199 735 1256 817; x_wconf 90' lang='lat' dir='ltr'>qui</span> <span class='ocrx_word' id='word_1_44' title='bbox 1283 737 1441 817; x_wconf 86' lang='lat' dir='ltr'>proxime</span> <span class='ocrx_word' id='word_1_45' title='bbox 1459 737 1504 797; x_wconf 91' lang='lat' dir='ltr'>in·</span> 
     </span>
     <span class='ocr_line' id='line_1_6' title="bbox 397 837 1593 921; baseline 0.001 -18"><span class='ocrx_word' id='word_1_46' title='bbox 397 840 524 904; x_wconf 92' lang='lat' dir='ltr'>cumbit</span> <span class='ocrx_word' id='word_1_47' title='bbox 540 839 588 903; x_wconf 85' lang='lat' dir='ltr'>ad</span> <span class='ocrx_word' id='word_1_48' title='bbox 599 837 905 902; x_wconf 82' lang='lat' dir='ltr'>consummationem</span> <span class='ocrx_word' id='word_1_49' title='bbox 920 847 1106 902; x_wconf 84' lang='lat' dir='ltr'>sanctorum</span> <span class='ocrx_word' id='word_1_50' title='bbox 1122 839 1158 901; x_wconf 86' lang='lat' dir='ltr'>in</span> <span class='ocrx_word' id='word_1_51' title='bbox 1173 851 1250 921; x_wconf 79' lang='lat' dir='ltr'>opus</span> <span class='ocrx_word' id='word_1_52' title='bbox 1266 837 1459 914; x_wconf 83' lang='lat' dir='ltr'>ministerii,</span> <span class='ocrx_word' id='word_1_53' title='bbox 1474 839 1504 900; x_wconf 84' lang='lat' dir='ltr'>in</span> <span class='ocrx_word' id='word_1_54' title='bbox 1592 885 1593 904; x_wconf 64' lang='lat' dir='ltr'>r</span> 
     </span>
    </p>

    <p class='ocr_par' dir='ltr' id='par_1_6' title="bbox 396 940 1504 1027">
     <span class='ocr_line' id='line_1_7' title="bbox 396 940 1504 1027; baseline -0.002 -21"><span class='ocrx_word' id='word_1_55' title='bbox 396 943 650 1027; x_wconf 78' lang='lat' dir='ltr'>aedificatmncm</span> <span class='ocrx_word' id='word_1_56' title='bbox 675 943 816 1024; x_wconf 73' lang='lat' dir='ltr'>corporis</span> <span class='ocrx_word' id='word_1_57' title='bbox 844 940 971 1006; x_wconf 76' lang='lat' dir='ltr'>Christi</span> <span class='ocrx_word' id='word_1_58' title='bbox 981 942 1037 1026; x_wconf 54' lang='lat'>(1),</span> <span class='ocrx_word' id='word_1_59' title='bbox 1054 981 1098 992; x_wconf 94' lang='lat'>-</span> <span class='ocrx_word' id='word_1_60' title='bbox 1125 943 1177 1006; x_wconf 89' lang='lat' dir='ltr'>De</span> <span class='ocrx_word' id='word_1_61' title='bbox 1193 944 1295 1006; x_wconf 90' lang='lat' dir='ltr'>sacris</span> <span class='ocrx_word' id='word_1_62' title='bbox 1319 945 1504 1006; x_wconf 89' lang='lat' dir='ltr'>seminariis</span> 
     </span>
    </p>

    <p class='ocr_par' dir='ltr' id='par_1_7' title="bbox 283 1046 1506 1130">
     <span class='ocr_line' id='line_1_8' title="bbox 283 1046 1506 1130; baseline -0.003 -16"><span class='ocrx_word' id='word_1_63' title='bbox 283 1065 372 1114; x_wconf 76' lang='lat' dir='ltr'>clerus</span> <span class='ocrx_word' id='word_1_64' title='bbox 397 1049 592 1118; x_wconf 87' lang='lat' dir='ltr'>clericorum</span> <span class='ocrx_word' id='word_1_65' title='bbox 617 1047 702 1110; x_wconf 91' lang='lat' dir='ltr'>bene</span> <span class='ocrx_word' id='word_1_66' title='bbox 719 1057 770 1112; x_wconf 89' lang='lat' dir='ltr'>est</span> <span class='ocrx_word' id='word_1_67' title='bbox 792 1047 901 1110; x_wconf 85' lang='lat' dir='ltr'>Nobis</span> <span class='ocrx_word' id='word_1_68' title='bbox 918 1048 1104 1130; x_wconf 90' lang='lat' dir='ltr'>cognitum,</span> <span class='ocrx_word' id='word_1_69' title='bbox 1127 1046 1348 1112; x_wconf 88' lang='lat' dir='ltr'>Venerabiles</span> <span class='ocrx_word' id='word_1_70' title='bbox 1365 1047 1506 1124; x_wconf 84' lang='lat' dir='ltr'>Fratres,</span> 
     </span>
    </p>
   </div>
   <div class='ocr_carea' id='block_1_5' title="bbox 231 1129 1505 1245">
    <p class='ocr_par' dir='ltr' id='par_1_8' title="bbox 231 1129 1505 1245">
     <span class='ocr_line' id='line_1_9' title="bbox 231 1129 1505 1245; baseline 0.004 -37"><span class='ocrx_word' id='word_1_71' title='bbox 231 1129 371 1245; x_wconf 55' lang='grc' dir='ltr'>ΖΖΖΙΖΖΖῘ</span> <span class='ocrx_word' id='word_1_72' title='bbox 397 1152 534 1214; x_wconf 91' lang='lat' dir='ltr'>minime</span> <span class='ocrx_word' id='word_1_73' title='bbox 558 1161 671 1234; x_wconf 88' lang='lat' dir='ltr'>partes</span> <span class='ocrx_word' id='word_1_74' title='bbox 691 1151 809 1214; x_wconf 87' lang='lat' dir='ltr'>deesse</span> <span class='ocrx_word' id='word_1_75' title='bbox 835 1159 963 1214; x_wconf 89' lang='lat' dir='ltr'>vestras</span> <span class='ocrx_word' id='word_1_76' title='bbox 983 1173 991 1230; x_wconf 93' lang='lat'>;</span> <span class='ocrx_word' id='word_1_77' title='bbox 1016 1161 1062 1230; x_wconf 90' lang='lat' dir='ltr'>ut,</span> <span class='ocrx_word' id='word_1_78' title='bbox 1078 1151 1191 1233; x_wconf 91' lang='lat' dir='ltr'>potius</span> <span class='ocrx_word' id='word_1_79' title='bbox 1207 1171 1309 1233; x_wconf 89' lang='lat' dir='ltr'>quam</span> <span class='ocrx_word' id='word_1_80' title='bbox 1327 1152 1505 1214; x_wconf 89' lang='lat' dir='ltr'>admovea-</span> 
     </span>
    </p>
   </div>
   <div class='ocr_carea' id='block_1_6' title="bbox 237 1255 1594 1374">
    <p class='ocr_par' dir='ltr' id='par_1_9' title="bbox 237 1255 1594 1374">
     <span class='ocr_line' id='line_1_10' title="bbox 237 1255 1594 1344; baseline 0.008 -36"><span class='ocrx_word' id='word_1_81' title='bbox 237 1263 367 1322; x_wconf 70' lang='lat' dir='ltr'>mrnarae&#39;is,</span> <span class='ocrx_word' id='word_1_82' title='bbox 397 1275 472 1319; x_wconf 89' lang='lat' dir='ltr'>mus</span> <span class='ocrx_word' id='word_1_83' title='bbox 498 1257 726 1331; x_wconf 89' lang='lat' dir='ltr'>incitamenta,</span> <span class='ocrx_word' id='word_1_84' title='bbox 768 1256 1082 1336; x_wconf 84' lang='lat' dir='ltr'>comprobationem</span> <span class='ocrx_word' id='word_1_85' title='bbox 1115 1257 1229 1320; x_wconf 88' lang='lat' dir='ltr'>testari</span> <span class='ocrx_word' id='word_1_86' title='bbox 1261 1255 1381 1320; x_wconf 89' lang='lat' dir='ltr'>deceat</span> <span class='ocrx_word' id='word_1_87' title='bbox 1412 1257 1505 1319; x_wconf 88' lang='lat' dir='ltr'>vobis</span> <span class='ocrx_word' id='word_1_88' title='bbox 1593 1341 1594 1344; x_wconf 8' lang='grc' dir='ltr'><strong>Ἴ</strong></span> 
     </span>
     <span class='ocr_line' id='line_1_11' title="bbox 1593 1351 1594 1374; baseline 0 0"><span class='ocrx_word' id='word_1_89' title='bbox 1593 1351 1594 1374; x_wconf 64' lang='lat' dir='ltr'>r</span> 
     </span>
    </p>
   </div>
   <div class='ocr_carea' id='block_1_7' title="bbox 215 1335 1505 1456">
    <p class='ocr_par' dir='ltr' id='par_1_10' title="bbox 215 1335 1505 1456">
     <span class='ocr_line' id='line_1_12' title="bbox 215 1335 1505 1456; baseline -0.003 -30"><span class='ocrx_word' id='word_1_90' title='bbox 215 1335 371 1456; x_wconf 41' lang='lat' dir='ltr'>maxi&amp;</span> <span class='ocrx_word' id='word_1_91' title='bbox 396 1361 510 1444; x_wconf 87' lang='lat' dir='ltr'>eisque</span> <span class='ocrx_word' id='word_1_92' title='bbox 535 1363 691 1425; x_wconf 90' lang='lat' dir='ltr'>omnibus</span> <span class='ocrx_word' id='word_1_93' title='bbox 706 1379 849 1442; x_wconf 91' lang='lat' dir='ltr'>quorum</span> <span class='ocrx_word' id='word_1_94' title='bbox 878 1362 951 1442; x_wconf 90' lang='lat' dir='ltr'>ipsa</span> <span class='ocrx_word' id='word_1_95' title='bbox 978 1361 1145 1425; x_wconf 89' lang='lat' dir='ltr'>laetantur</span> <span class='ocrx_word' id='word_1_96' title='bbox 1173 1363 1373 1446; x_wconf 90' lang='lat' dir='ltr'>procurandi</span> <span class='ocrx_word' id='word_1_97' title='bbox 1391 1371 1425 1426; x_wconf 89' lang='lat' dir='ltr'>et</span> <span class='ocrx_word' id='word_1_98' title='bbox 1449 1364 1505 1424; x_wconf 79' lang='lat' dir='ltr'>do</span> 
     </span>
    </p>
   </div>
   <div class='ocr_carea' id='block_1_8' title="bbox 251 1463 1504 1587">
    <p class='ocr_par' dir='ltr' id='par_1_11' title="bbox 251 1463 1504 1587">
     <span class='ocr_line' id='line_1_13' title="bbox 251 1463 1504 1587; baseline 0.004 -65"><span class='ocrx_word' id='word_1_99' title='bbox 251 1465 372 1587; x_wconf 53' lang='lat' dir='ltr'>“qm</span> <span class='ocrx_word' id='word_1_100' title='bbox 396 1465 492 1528; x_wconf 89' lang='lat' dir='ltr'>cendi</span> <span class='ocrx_word' id='word_1_101' title='bbox 523 1463 637 1529; x_wconf 91' lang='lat' dir='ltr'>labore</span> <span class='ocrx_word' id='word_1_102' title='bbox 662 1465 808 1529; x_wconf 75' lang='lat' dir='ltr'>assiduo</span> <span class='ocrx_word' id='word_1_103' title='bbox 836 1464 935 1541; x_wconf 88' lang='lat' dir='ltr'>Sane,</span> <span class='ocrx_word' id='word_1_104' title='bbox 963 1465 1171 1546; x_wconf 87' lang='lat' dir='ltr'>temporibus</span> <span class='ocrx_word' id='word_1_105' title='bbox 1203 1488 1290 1549; x_wconf 87' lang='lat' dir='ltr'>quae</span> <span class='ocrx_word' id='word_1_106' title='bbox 1317 1467 1504 1530; x_wconf 90' lang='lat' dir='ltr'>inciderunt</span> 
     </span>
    </p>
   </div>
   <div class='ocr_carea' id='block_1_9' title="bbox 257 1567 1502 1649">
    <p class='ocr_par' dir='ltr' id='par_1_12' title="bbox 257 1567 1502 1649">
     <span class='ocr_line' id='line_1_14' title="bbox 257 1567 1502 1649; baseline -0.003 -18"><span class='ocrx_word' id='word_1_107' title='bbox 257 1591 371 1638; x_wconf 50' lang='lat' dir='ltr'>suasim</span> <span class='ocrx_word' id='word_1_108' title='bbox 396 1579 466 1631; x_wconf 89' lang='lat' dir='ltr'>tam</span> <span class='ocrx_word' id='word_1_109' title='bbox 493 1567 664 1632; x_wconf 84' lang='lat' dir='ltr'>Ecclesiae</span> <span class='ocrx_word' id='word_1_110' title='bbox 692 1567 824 1649; x_wconf 88' lang='lat' dir='ltr'>iniquis,</span> <span class='ocrx_word' id='word_1_111' title='bbox 849 1588 950 1649; x_wconf 92' lang='lat' dir='ltr'>quum</span> <span class='ocrx_word' id='word_1_112' title='bbox 975 1567 1090 1633; x_wconf 89' lang='lat' dir='ltr'>hostes</span> <span class='ocrx_word' id='word_1_113' title='bbox 1117 1570 1268 1632; x_wconf 89' lang='lat' dir='ltr'>veritatis</span> <span class='ocrx_word' id='word_1_114' title='bbox 1286 1569 1502 1640; x_wconf 88' lang='lat' dir='ltr'>invalescunt,</span> 
     </span>
    </p>
   </div>
   <div class='ocr_carea' id='block_1_10' title="bbox 220 1669 1500 1768">
    <p class='ocr_par' dir='ltr' id='par_1_13' title="bbox 220 1655 1500 1768">
     <span class='ocr_line' id='line_1_15' title="bbox 220 1669 1500 1768; baseline 0.004 -41"><span class='ocrx_word' id='word_1_115' title='bbox 220 1655 373 1768; x_wconf 50' lang='grc' dir='ltr'>ζ”ΖΖΖΖᾞ</span> <span class='ocrx_word' id='word_1_116' title='bbox 396 1692 499 1753; x_wconf 93' lang='lat' dir='ltr'>quum</span> <span class='ocrx_word' id='word_1_117' title='bbox 531 1671 793 1754; x_wconf 85' lang='lat' dir='ltr'>corruptelarum</span> <span class='ocrx_word' id='word_1_118' title='bbox 820 1672 923 1754; x_wconf 89' lang='lat' dir='ltr'>pestis</span> <span class='ocrx_word' id='word_1_119' title='bbox 951 1672 1017 1734; x_wconf 90' lang='lat' dir='ltr'>iam</span> <span class='ocrx_word' id='word_1_120' title='bbox 1047 1692 1113 1735; x_wconf 92' lang='lat' dir='ltr'>non</span> <span class='ocrx_word' id='word_1_121' title='bbox 1144 1675 1248 1754; x_wconf 91' lang='lat' dir='ltr'>serpit</span> <span class='ocrx_word' id='word_1_122' title='bbox 1271 1671 1414 1746; x_wconf 89' lang='lat' dir='ltr'>occulta,</span> <span class='ocrx_word' id='word_1_123' title='bbox 1445 1671 1500 1732; x_wconf 92' lang='lat' dir='ltr'>sed</span> 
     </span>
    </p>
   </div>
   <div class='ocr_carea' id='block_1_11' title="bbox 219 1774 1596 2278">
    <p class='ocr_par' dir='ltr' id='par_1_14' title="bbox 219 1774 1595 2171">
     <span class='ocr_line' id='line_1_16' title="bbox 239 1774 1595 1862; baseline 0.001 -30"><span class='ocrx_word' id='word_1_124' title='bbox 239 1785 370 1862; x_wconf 51' lang='lat' dir='ltr'>serenatam</span> <span class='ocrx_word' id='word_1_125' title='bbox 398 1775 575 1856; x_wconf 89' lang='lat' dir='ltr'>impudens</span> <span class='ocrx_word' id='word_1_126' title='bbox 600 1777 632 1838; x_wconf 90' lang='lat' dir='ltr'>in</span> <span class='ocrx_word' id='word_1_127' title='bbox 661 1776 776 1838; x_wconf 92' lang='lat' dir='ltr'>omnia</span> <span class='ocrx_word' id='word_1_128' title='bbox 799 1785 978 1856; x_wconf 86' lang='lat' dir='ltr'>grassatur,</span> <span class='ocrx_word' id='word_1_129' title='bbox 1004 1775 1031 1836; x_wconf 93' lang='lat' dir='ltr'>si</span> <span class='ocrx_word' id='word_1_130' title='bbox 1059 1775 1272 1858; x_wconf 90' lang='lat' dir='ltr'>pluraquam</span> <span class='ocrx_word' id='word_1_131' title='bbox 1296 1787 1398 1838; x_wconf 90' lang='lat' dir='ltr'>antea</span> <span class='ocrx_word' id='word_1_132' title='bbox 1414 1774 1499 1836; x_wconf 90' lang='lat' dir='ltr'>leva·</span> <span class='ocrx_word' id='word_1_133' title='bbox 1594 1831 1595 1834; x_wconf 73' lang='grc'>,</span> 
     </span>
     <span class='ocr_line' id='line_1_17' title="bbox 219 1857 1502 1964; baseline -0.002 -24"><span class='ocrx_word' id='word_1_134' title='bbox 219 1857 369 1964; x_wconf 36' lang='lat' dir='ltr'>‘messenu-</span> <span class='ocrx_word' id='word_1_135' title='bbox 398 1890 512 1940; x_wconf 91' lang='lat' dir='ltr'>menta</span> <span class='ocrx_word' id='word_1_136' title='bbox 539 1888 571 1942; x_wconf 92' lang='lat' dir='ltr'>et</span> <span class='ocrx_word' id='word_1_137' title='bbox 602 1879 749 1942; x_wconf 86' lang='lat' dir='ltr'>remedia</span> <span class='ocrx_word' id='word_1_138' title='bbox 776 1878 989 1959; x_wconf 88' lang='lat' dir='ltr'>expectanda</span> <span class='ocrx_word' id='word_1_139' title='bbox 1014 1889 1127 1942; x_wconf 91' lang='lat' dir='ltr'>sunta</span> <span class='ocrx_word' id='word_1_140' title='bbox 1151 1879 1351 1943; x_wconf 88' lang='lat' dir='ltr'>sacerdotali</span> <span class='ocrx_word' id='word_1_141' title='bbox 1377 1879 1502 1953; x_wconf 87' lang='lat' dir='ltr'>ordine,</span> 
     </span>
     <span class='ocr_line' id='line_1_18' title="bbox 398 1981 1500 2064; baseline -0.002 -20"><span class='ocrx_word' id='word_1_142' title='bbox 398 1983 425 2045; x_wconf 91' lang='lat' dir='ltr'>is</span> <span class='ocrx_word' id='word_1_143' title='bbox 442 1982 597 2044; x_wconf 91' lang='lat' dir='ltr'>nimirum</span> <span class='ocrx_word' id='word_1_144' title='bbox 616 1981 741 2046; x_wconf 90' lang='lat' dir='ltr'>maiore</span> <span class='ocrx_word' id='word_1_145' title='bbox 758 2003 858 2064; x_wconf 91' lang='lat' dir='ltr'>quam</span> <span class='ocrx_word' id='word_1_146' title='bbox 883 1993 982 2044; x_wconf 88' lang='lat' dir='ltr'>antea</span> <span class='ocrx_word' id='word_1_147' title='bbox 1007 2003 1086 2046; x_wconf 91' lang='lat' dir='ltr'>cura</span> <span class='ocrx_word' id='word_1_148' title='bbox 1102 1993 1135 2046; x_wconf 91' lang='lat' dir='ltr'>et</span> <span class='ocrx_word' id='word_1_149' title='bbox 1151 1983 1396 2046; x_wconf 81' lang='lat' dir='ltr'>exercitatione</span> <span class='ocrx_word' id='word_1_150' title='bbox 1412 2001 1500 2044; x_wconf 91' lang='lat' dir='ltr'>com·</span> 
     </span>
     <span class='ocr_line' id='line_1_19' title="bbox 399 2085 1502 2171; baseline -0.004 -21"><span class='ocrx_word' id='word_1_151' title='bbox 399 2087 567 2168; x_wconf 88' lang='lat' dir='ltr'>parandus</span> <span class='ocrx_word' id='word_1_152' title='bbox 591 2096 641 2150; x_wconf 91' lang='lat' dir='ltr'>est</span> <span class='ocrx_word' id='word_1_153' title='bbox 669 2088 712 2150; x_wconf 92' lang='lat' dir='ltr'>ad</span> <span class='ocrx_word' id='word_1_154' title='bbox 739 2087 866 2149; x_wconf 91' lang='lat' dir='ltr'>bonum</span> <span class='ocrx_word' id='word_1_155' title='bbox 891 2095 1060 2150; x_wconf 87' lang='lat' dir='ltr'>certamen</span> <span class='ocrx_word' id='word_1_156' title='bbox 1089 2085 1166 2149; x_wconf 90' lang='lat' dir='ltr'>fidei</span> <span class='ocrx_word' id='word_1_157' title='bbox 1180 2098 1213 2151; x_wconf 90' lang='lat' dir='ltr'>et</span> <span class='ocrx_word' id='word_1_158' title='bbox 1229 2088 1271 2151; x_wconf 91' lang='lat' dir='ltr'>ad</span> <span class='ocrx_word' id='word_1_159' title='bbox 1302 2107 1415 2171; x_wconf 90' lang='lat' dir='ltr'>parem</span> <span class='ocrx_word' id='word_1_160' title='bbox 1441 2085 1502 2148; x_wconf 92' lang='lat' dir='ltr'>vir·</span> 
     </span>
    </p>

    <p class='ocr_par' dir='ltr' id='par_1_15' title="bbox 274 2187 1596 2278">
     <span class='ocr_line' id='line_1_20' title="bbox 274 2187 1596 2278; baseline -0.002 -24"><span class='ocrx_word' id='word_1_161' title='bbox 274 2217 371 2278; x_wconf 75' lang='lat' dir='ltr'>Maga.</span> <span class='ocrx_word' id='word_1_162' title='bbox 399 2192 479 2254; x_wconf 90' lang='lat' dir='ltr'>tutis</span> <span class='ocrx_word' id='word_1_163' title='bbox 506 2191 616 2254; x_wconf 90' lang='lat' dir='ltr'>omnis</span> <span class='ocrx_word' id='word_1_164' title='bbox 642 2191 854 2273; x_wconf 88' lang='lat' dir='ltr'>dignitatem.</span> <span class='ocrx_word' id='word_1_165' title='bbox 886 2187 982 2272; x_wconf 85' lang='lat' dir='ltr'>Quae</span> <span class='ocrx_word' id='word_1_166' title='bbox 1014 2192 1057 2254; x_wconf 93' lang='lat' dir='ltr'>de</span> <span class='ocrx_word' id='word_1_167' title='bbox 1084 2192 1214 2254; x_wconf 89' lang='lat' dir='ltr'>ratione</span> <span class='ocrx_word' id='word_1_168' title='bbox 1239 2192 1416 2274; x_wconf 86' lang='lat' dir='ltr'>dirigenda</span> <span class='ocrx_word' id='word_1_169' title='bbox 1434 2201 1499 2251; x_wconf 90' lang='lat' dir='ltr'>stu·</span> <span class='ocrx_word' id='word_1_170' title='bbox 1595 2217 1596 2252; x_wconf 67' lang='lat' dir='ltr'>r</span> 
     </span>
    </p>
   </div>
   <div class='ocr_carea' id='block_1_12' title="bbox 249 2281 1501 2396">
    <p class='ocr_par' dir='ltr' id='par_1_16' title="bbox 249 2281 1501 2396">
     <span class='ocr_line' id='line_1_21' title="bbox 249 2281 1501 2396; baseline -0.007 -32"><span class='ocrx_word' id='word_1_171' title='bbox 249 2281 372 2396; x_wconf 43' lang='lat' dir='ltr'>‘&#39;2211‘ss</span> <span class='ocrx_word' id='word_1_172' title='bbox 399 2296 530 2359; x_wconf 92' lang='lat' dir='ltr'>diorum</span> <span class='ocrx_word' id='word_1_173' title='bbox 556 2304 670 2358; x_wconf 92' lang='lat' dir='ltr'>sunta</span> <span class='ocrx_word' id='word_1_174' title='bbox 698 2293 806 2357; x_wconf 91' lang='lat' dir='ltr'>Nobis</span> <span class='ocrx_word' id='word_1_175' title='bbox 833 2294 1017 2357; x_wconf 89' lang='lat' dir='ltr'>identidem</span> <span class='ocrx_word' id='word_1_176' title='bbox 1047 2314 1183 2358; x_wconf 91' lang='lat' dir='ltr'>normae</span> <span class='ocrx_word' id='word_1_177' title='bbox 1209 2297 1439 2378; x_wconf 89' lang='lat' dir='ltr'>praestitutae,</span> <span class='ocrx_word' id='word_1_178' title='bbox 1469 2295 1501 2355; x_wconf 94' lang='lat' dir='ltr'>in</span> 
     </span>
    </p>
   </div>
   <div class='ocr_carea' id='block_1_13' title="bbox 271 2399 1501 2482">
    <p class='ocr_par' dir='ltr' id='par_1_17' title="bbox 271 2399 1501 2482">
     <span class='ocr_line' id='line_1_22' title="bbox 271 2399 1501 2482; baseline 0 -22"><span class='ocrx_word' id='word_1_179' title='bbox 271 2412 372 2460; x_wconf 77' lang='lat' dir='ltr'>diorum</span> <span class='ocrx_word' id='word_1_180' title='bbox 398 2421 432 2464; x_wconf 91' lang='lat' dir='ltr'>re</span> <span class='ocrx_word' id='word_1_181' title='bbox 449 2401 643 2482; x_wconf 89' lang='lat' dir='ltr'>praesertim</span> <span class='ocrx_word' id='word_1_182' title='bbox 669 2399 912 2482; x_wconf 88' lang='lat' dir='ltr'>philosophica,</span> <span class='ocrx_word' id='word_1_183' title='bbox 939 2399 1138 2480; x_wconf 88' lang='lat' dir='ltr'>theologica,</span> <span class='ocrx_word' id='word_1_184' title='bbox 1165 2400 1299 2476; x_wconf 89' lang='lat' dir='ltr'>biblica,</span> <span class='ocrx_word' id='word_1_185' title='bbox 1325 2399 1429 2481; x_wconf 86' lang='lat' dir='ltr'>probe</span> <span class='ocrx_word' id='word_1_186' title='bbox 1445 2417 1501 2460; x_wconf 91' lang='lat' dir='ltr'>no·</span> 
     </span>
    </p>
   </div>
   <div class='ocr_carea' id='block_1_14' title="bbox 243 2484 1502 2592">
    <p class='ocr_par' dir='ltr' id='par_1_18' title="bbox 243 2484 1502 2592">
     <span class='ocr_line' id='line_1_23' title="bbox 243 2484 1502 2592; baseline -0.006 -22"><span class='ocrx_word' id='word_1_187' title='bbox 243 2484 372 2592; x_wconf 60' lang='lat' dir='ltr'>&#39;‘}f⁰}&#39;,‘d‘{</span> <span class='ocrx_word' id='word_1_188' title='bbox 397 2504 478 2568; x_wconf 90' lang='lat' dir='ltr'>stis:</span> <span class='ocrx_word' id='word_1_189' title='bbox 503 2503 546 2568; x_wconf 90' lang='lat' dir='ltr'>ad</span> <span class='ocrx_word' id='word_1_190' title='bbox 574 2525 630 2566; x_wconf 93' lang='lat' dir='ltr'>eas</span> <span class='ocrx_word' id='word_1_191' title='bbox 659 2503 783 2566; x_wconf 90' lang='lat' dir='ltr'>instate</span> <span class='ocrx_word' id='word_1_192' title='bbox 811 2513 847 2566; x_wconf 90' lang='lat' dir='ltr'>ut</span> <span class='ocrx_word' id='word_1_193' title='bbox 874 2523 946 2565; x_wconf 91' lang='lat' dir='ltr'>sese</span> <span class='ocrx_word' id='word_1_194' title='bbox 970 2505 1118 2584; x_wconf 86' lang='lat' dir='ltr'>magistri</span> <span class='ocrx_word' id='word_1_195' title='bbox 1150 2505 1389 2587; x_wconf 83' lang='lat' dir='ltr'>perdiligenter</span> <span class='ocrx_word' id='word_1_196' title='bbox 1413 2521 1502 2564; x_wconf 90' lang='lat' dir='ltr'>com-</span> 
     </span>
    </p>
   </div>
   <div class='ocr_carea' id='block_1_15' title="bbox 219 2607 1500 2904">
    <p class='ocr_par' dir='ltr' id='par_1_19' title="bbox 219 2607 1500 2904">
     <span class='ocr_line' id='line_1_24' title="bbox 229 2607 1500 2690; baseline -0.005 -18"><span class='ocrx_word' id='word_1_197' title='bbox 229 2609 370 2672; x_wconf 74' lang='lat' dir='ltr'>praescrip·</span> <span class='ocrx_word' id='word_1_198' title='bbox 397 2618 533 2690; x_wconf 90' lang='lat' dir='ltr'>ponant,</span> <span class='ocrx_word' id='word_1_199' title='bbox 550 2628 644 2679; x_wconf 77' lang='lat' dir='ltr'>,neve</span> <span class='ocrx_word' id='word_1_200' title='bbox 671 2607 773 2670; x_wconf 91' lang='lat' dir='ltr'>ullam</span> <span class='ocrx_word' id='word_1_201' title='bbox 805 2607 1077 2688; x_wconf 87' lang='lat' dir='ltr'>praetermittant</span> <span class='ocrx_word' id='word_1_202' title='bbox 1104 2628 1149 2670; x_wconf 89' lang='lat' dir='ltr'>ex</span> <span class='ocrx_word' id='word_1_203' title='bbox 1180 2608 1342 2672; x_wconf 91' lang='lat' dir='ltr'>doctrinis</span> <span class='ocrx_word' id='word_1_204' title='bbox 1372 2607 1500 2678; x_wconf 84' lang='lat' dir='ltr'>ceteris,</span> 
     </span>
     <span class='ocr_line' id='line_1_25' title="bbox 219 2681 1500 2794; baseline -0.003 -20"><span class='ocrx_word' id='word_1_205' title='bbox 219 2681 284 2724; x_wconf 82' lang='lat' dir='ltr'>ram.</span> <span class='ocrx_word' id='word_1_206' title='bbox 395 2731 481 2794; x_wconf 89' lang='lat' dir='ltr'>quae</span> <span class='ocrx_word' id='word_1_207' title='bbox 497 2710 705 2792; x_wconf 91' lang='lat' dir='ltr'>gravioribus</span> <span class='ocrx_word' id='word_1_208' title='bbox 716 2711 780 2773; x_wconf 89' lang='lat' dir='ltr'>illis</span> <span class='ocrx_word' id='word_1_209' title='bbox 790 2720 991 2772; x_wconf 90' lang='lat' dir='ltr'>ornamento</span> <span class='ocrx_word' id='word_1_210' title='bbox 1001 2719 1089 2788; x_wconf 89' lang='lat' dir='ltr'>sunt,</span> <span class='ocrx_word' id='word_1_211' title='bbox 1104 2720 1138 2773; x_wconf 90' lang='lat' dir='ltr'>et</span> <span class='ocrx_word' id='word_1_212' title='bbox 1154 2711 1418 2775; x_wconf 87' lang='lat' dir='ltr'>sacerdotalibus</span> <span class='ocrx_word' id='word_1_213' title='bbox 1430 2729 1500 2772; x_wconf 92' lang='lat' dir='ltr'>mu-</span> 
     </span>
     <span class='ocr_line' id='line_1_26' title="bbox 246 2811 1499 2904; baseline -0.005 -28"><span class='ocrx_word' id='word_1_214' title='bbox 246 2840 366 2904; x_wconf 74' lang='lat' dir='ltr'>Discipn-</span> <span class='ocrx_word' id='word_1_215' title='bbox 396 2815 459 2876; x_wconf 92' lang='lat' dir='ltr'>niis</span> <span class='ocrx_word' id='word_1_216' title='bbox 485 2813 616 2876; x_wconf 90' lang='lat' dir='ltr'>addunt</span> <span class='ocrx_word' id='word_1_217' title='bbox 631 2812 969 2876; x_wconf 89' lang='lat' dir='ltr'>commendationem.</span> <span class='ocrx_word' id='word_1_218' title='bbox 999 2811 1207 2881; x_wconf 88' lang='lat' dir='ltr'>Instantibus</span> <span class='ocrx_word' id='word_1_219' title='bbox 1232 2813 1384 2876; x_wconf 89' lang='lat' dir='ltr'>similiter</span> <span class='ocrx_word' id='word_1_220' title='bbox 1397 2811 1499 2884; x_wconf 92' lang='lat' dir='ltr'>vobis,</span> 
     </span>
    </p>
   </div>
   <div class='ocr_carea' id='block_1_16' title="bbox 218 2907 1496 3020">
    <p class='ocr_par' dir='ltr' id='par_1_20' title="bbox 218 2907 1496 3020">
     <span class='ocr_line' id='line_1_27' title="bbox 218 2907 1496 3020; baseline -0.018 -33"><span class='ocrx_word' id='word_1_221' title='bbox 218 2907 367 3020; x_wconf 45' lang='grc' dir='ltr'>ΖΖΖΖΖΖΖΖ]</span> <span class='ocrx_word' id='word_1_222' title='bbox 395 2918 621 2980; x_wconf 83' lang='lat' dir='ltr'>moderatores</span> <span class='ocrx_word' id='word_1_223' title='bbox 651 2916 848 2999; x_wconf 89' lang='lat' dir='ltr'>disciplinae</span> <span class='ocrx_word' id='word_1_224' title='bbox 876 2925 909 2978; x_wconf 92' lang='lat' dir='ltr'>et</span> <span class='ocrx_word' id='word_1_225' title='bbox 939 2915 1074 2997; x_wconf 89' lang='lat' dir='ltr'>pietatis</span> <span class='ocrx_word' id='word_1_226' title='bbox 1096 2915 1264 2998; x_wconf 87' lang='lat' dir='ltr'>(homines</span> <span class='ocrx_word' id='word_1_227' title='bbox 1280 2917 1337 2998; x_wconf 90' lang='lat' dir='ltr'>qui</span> <span class='ocrx_word' id='word_1_228' title='bbox 1354 2915 1496 2978; x_wconf 76' lang='lat' dir='ltr'>essede.</span> 
     </span>
    </p>
   </div>
   <div class='ocr_carea' id='block_1_17' title="bbox 242 3023 1494 3107">
    <p class='ocr_par' dir='ltr' id='par_1_21' title="bbox 242 3023 1494 3107">
     <span class='ocr_line' id='line_1_28' title="bbox 242 3023 1494 3107; baseline 0.001 -24"><span class='ocrx_word' id='word_1_229' title='bbox 242 3043 367 3098; x_wconf 63' lang='lat' dir='ltr'>raganra-</span> <span class='ocrx_word' id='word_1_230' title='bbox 394 3025 474 3088; x_wconf 91' lang='lat' dir='ltr'>bent</span> <span class='ocrx_word' id='word_1_231' title='bbox 501 3025 693 3107; x_wconf 87' lang='lat' dir='ltr'>integritate</span> <span class='ocrx_word' id='word_1_232' title='bbox 713 3035 746 3087; x_wconf 94' lang='lat' dir='ltr'>et</span> <span class='ocrx_word' id='word_1_233' title='bbox 775 3023 954 3106; x_wconf 87' lang='lat' dir='ltr'>prudentia</span> <span class='ocrx_word' id='word_1_234' title='bbox 978 3024 1240 3106; x_wconf 85' lang='lat' dir='ltr'>spectatissimi),</span> <span class='ocrx_word' id='word_1_235' title='bbox 1268 3026 1315 3088; x_wconf 91' lang='lat' dir='ltr'>sic</span> <span class='ocrx_word' id='word_1_236' title='bbox 1332 3025 1494 3086; x_wconf 90' lang='lat' dir='ltr'>rationem</span> 
     </span>
    </p>
   </div>
   <div class='ocr_carea' id='block_1_18' title="bbox 228 3104 1496 3216">
    <p class='ocr_par' dir='ltr' id='par_1_22' title="bbox 228 3104 1496 3216">
     <span class='ocr_line' id='line_1_29' title="bbox 228 3104 1496 3216; baseline -0.002 -23"><span class='ocrx_word' id='word_1_237' title='bbox 228 3104 369 3216; x_wconf 41' lang='lat' dir='ltr'>„54:122ss</span> <span class='ocrx_word' id='word_1_238' title='bbox 393 3139 581 3210; x_wconf 88' lang='lat' dir='ltr'>temperent</span> <span class='ocrx_word' id='word_1_239' title='bbox 607 3129 696 3191; x_wconf 87' lang='lat' dir='ltr'>vitae</span> <span class='ocrx_word' id='word_1_240' title='bbox 721 3129 919 3206; x_wconf 87' lang='lat' dir='ltr'>communis,</span> <span class='ocrx_word' id='word_1_241' title='bbox 944 3129 990 3189; x_wconf 94' lang='lat' dir='ltr'>sic</span> <span class='ocrx_word' id='word_1_242' title='bbox 1016 3129 1227 3192; x_wconf 89' lang='lat' dir='ltr'>alumnorum</span> <span class='ocrx_word' id='word_1_243' title='bbox 1259 3131 1391 3191; x_wconf 90' lang='lat' dir='ltr'>animos</span> <span class='ocrx_word' id='word_1_244' title='bbox 1419 3148 1496 3191; x_wconf 91' lang='lat' dir='ltr'>con-</span> 
     </span>
    </p>
   </div>
   <div class='ocr_carea' id='block_1_19' title="bbox 216 3232 1498 3418">
    <p class='ocr_par' dir='ltr' id='par_1_23' title="bbox 216 3232 1498 3418">
     <span class='ocr_line' id='line_1_30' title="bbox 258 3232 1498 3314; baseline 0.001 -21"><span class='ocrx_word' id='word_1_245' title='bbox 258 3233 368 3281; x_wconf 73' lang='lat' dir='ltr'>imbuere</span> <span class='ocrx_word' id='word_1_246' title='bbox 392 3232 537 3295; x_wconf 87' lang='lat' dir='ltr'>forment</span> <span class='ocrx_word' id='word_1_247' title='bbox 562 3241 817 3314; x_wconf 86' lang='lat' dir='ltr'>exerceantque,</span> <span class='ocrx_word' id='word_1_248' title='bbox 848 3241 885 3294; x_wconf 90' lang='lat' dir='ltr'>ut</span> <span class='ocrx_word' id='word_1_249' title='bbox 916 3233 1077 3294; x_wconf 91' lang='lat' dir='ltr'>virtutum</span> <span class='ocrx_word' id='word_1_250' title='bbox 1109 3233 1366 3314; x_wconf 85' lang='lat' dir='ltr'>congruentium</span> <span class='ocrx_word' id='word_1_251' title='bbox 1390 3233 1498 3314; x_wconf 89' lang='lat' dir='ltr'>quoti-</span> 
     </span>
     <span class='ocr_line' id='line_1_31' title="bbox 216 3313 1498 3418; baseline -0.001 -19"><span class='ocrx_word' id='word_1_252' title='bbox 216 3313 366 3412; x_wconf 37' lang='lat' dir='ltr'>qam&amp;</span> <span class='ocrx_word' id='word_1_253' title='bbox 392 3335 483 3399; x_wconf 92' lang='lat' dir='ltr'>diani</span> <span class='ocrx_word' id='word_1_254' title='bbox 509 3335 542 3397; x_wconf 92' lang='lat' dir='ltr'>in</span> <span class='ocrx_word' id='word_1_255' title='bbox 568 3335 648 3416; x_wconf 90' lang='lat' dir='ltr'>ipsis</span> <span class='ocrx_word' id='word_1_256' title='bbox 674 3355 868 3417; x_wconf 90' lang='lat' dir='ltr'>progressus</span> <span class='ocrx_word' id='word_1_257' title='bbox 896 3333 1071 3397; x_wconf 87' lang='lat' dir='ltr'>eluceant:</span> <span class='ocrx_word' id='word_1_258' title='bbox 1097 3346 1199 3418; x_wconf 88' lang='lat' dir='ltr'>atque</span> <span class='ocrx_word' id='word_1_259' title='bbox 1216 3336 1280 3398; x_wconf 92' lang='lat' dir='ltr'>huc</span> <span class='ocrx_word' id='word_1_260' title='bbox 1297 3337 1379 3400; x_wconf 93' lang='lat' dir='ltr'>illud</span> <span class='ocrx_word' id='word_1_261' title='bbox 1396 3336 1498 3398; x_wconf 88' lang='lat' dir='ltr'>etiam</span> 
     </span>
    </p>
   </div>
   <div class='ocr_carea' id='block_1_20' title="bbox 216 3435 1497 3542">
    <p class='ocr_par' dir='ltr' id='par_1_24' title="bbox 216 3435 1497 3542">
     <span class='ocr_line' id='line_1_32' title="bbox 216 3435 1497 3542; baseline 0.003 -46"><span class='ocrx_word' id='word_1_262' title='bbox 216 3435 367 3542; x_wconf 49' lang='grc' dir='ltr'>ΜΜΖΖΖΖΞΖΖ</span> <span class='ocrx_word' id='word_1_263' title='bbox 392 3448 530 3521; x_wconf 88' lang='lat' dir='ltr'>spectet,</span> <span class='ocrx_word' id='word_1_264' title='bbox 555 3457 689 3500; x_wconf 92' lang='lat' dir='ltr'>omnem</span> <span class='ocrx_word' id='word_1_265' title='bbox 719 3448 755 3501; x_wconf 90' lang='lat' dir='ltr'>ut</span> <span class='ocrx_word' id='word_1_266' title='bbox 780 3437 957 3500; x_wconf 89' lang='lat' dir='ltr'>addiscant</span> <span class='ocrx_word' id='word_1_267' title='bbox 975 3449 1170 3521; x_wconf 91' lang='lat' dir='ltr'>matureque</span> <span class='ocrx_word' id='word_1_268' title='bbox 1193 3441 1337 3504; x_wconf 89' lang='lat' dir='ltr'>induant</span> <span class='ocrx_word' id='word_1_269' title='bbox 1353 3441 1497 3520; x_wconf 90' lang='lat' dir='ltr'>pruden-</span> 
     </span>
    </p>
   </div>
   <div class='ocr_carea' id='block_1_21' title="bbox 214 3540 1497 3832">
    <p class='ocr_par' dir='ltr' id='par_1_25' title="bbox 214 3540 1497 3832">
     <span class='ocr_line' id='line_1_33' title="bbox 234 3540 1497 3634; baseline -0.004 -27"><span class='ocrx_word' id='word_1_270' title='bbox 234 3559 366 3634; x_wconf 61' lang='lat' dir='ltr'>pmaenn-</span> <span class='ocrx_word' id='word_1_271' title='bbox 392 3543 474 3605; x_wconf 91' lang='lat' dir='ltr'>tiam</span> <span class='ocrx_word' id='word_1_272' title='bbox 506 3541 538 3603; x_wconf 92' lang='lat' dir='ltr'>in</span> <span class='ocrx_word' id='word_1_273' title='bbox 567 3541 606 3602; x_wconf 93' lang='lat' dir='ltr'>iis</span> <span class='ocrx_word' id='word_1_274' title='bbox 634 3540 840 3622; x_wconf 87' lang='lat' dir='ltr'>attingendis</span> <span class='ocrx_word' id='word_1_275' title='bbox 871 3559 957 3621; x_wconf 92' lang='lat' dir='ltr'>quae</span> <span class='ocrx_word' id='word_1_276' title='bbox 988 3540 1093 3602; x_wconf 86' lang='lat' dir='ltr'>ciuilis</span> <span class='ocrx_word' id='word_1_277' title='bbox 1119 3543 1186 3605; x_wconf 90' lang='lat' dir='ltr'>sint</span> <span class='ocrx_word' id='word_1_278' title='bbox 1213 3543 1401 3625; x_wconf 88' lang='lat' dir='ltr'>potestatis.</span> <span class='ocrx_word' id='word_1_279' title='bbox 1421 3540 1497 3604; x_wconf 91' lang='lat' dir='ltr'>Hoc</span> 
     </span>
     <span class='ocr_line' id='line_1_34' title="bbox 214 3639 1497 3754; baseline 0.001 -49"><span class='ocrx_word' id='word_1_280' title='bbox 214 3627 369 3754; x_wconf 38' lang='lat' dir='ltr'>{wig}</span> <span class='ocrx_word' id='word_1_281' title='bbox 392 3665 473 3706; x_wconf 89' lang='lat' dir='ltr'>sane</span> <span class='ocrx_word' id='word_1_282' title='bbox 498 3645 600 3708; x_wconf 91' lang='lat' dir='ltr'>modo</span> <span class='ocrx_word' id='word_1_283' title='bbox 616 3663 657 3705; x_wconf 90' lang='lat' dir='ltr'>ex</span> <span class='ocrx_word' id='word_1_284' title='bbox 677 3645 778 3706; x_wconf 89' lang='lat' dir='ltr'>sacris</span> <span class='ocrx_word' id='word_1_285' title='bbox 804 3643 869 3705; x_wconf 92' lang='lat' dir='ltr'>illis</span> <span class='ocrx_word' id='word_1_286' title='bbox 886 3642 988 3705; x_wconf 90' lang='lat' dir='ltr'>veluti</span> <span class='ocrx_word' id='word_1_287' title='bbox 1014 3643 1189 3724; x_wconf 88' lang='lat' dir='ltr'>palaestris</span> <span class='ocrx_word' id='word_1_288' title='bbox 1216 3655 1251 3708; x_wconf 92' lang='lat' dir='ltr'>et</span> <span class='ocrx_word' id='word_1_289' title='bbox 1266 3647 1384 3708; x_wconf 90' lang='lat' dir='ltr'>castris</span> <span class='ocrx_word' id='word_1_290' title='bbox 1412 3665 1497 3707; x_wconf 87' lang='lat' dir='ltr'>nova</span> 
     </span>
     <span class='ocr_line' id='line_1_35' title="bbox 232 3747 1497 3832; baseline 0.008 -30"><span class='ocrx_word' id='word_1_291' title='bbox 232 3756 367 3819; x_wconf 65' lang='lat' dir='ltr'>quaecivi-</span> <span class='ocrx_word' id='word_1_292' title='bbox 392 3749 603 3812; x_wconf 91' lang='lat' dir='ltr'>continenter</span> <span class='ocrx_word' id='word_1_293' title='bbox 628 3747 756 3823; x_wconf 91' lang='lat' dir='ltr'>militia,</span> <span class='ocrx_word' id='word_1_294' title='bbox 771 3765 877 3829; x_wconf 89' lang='lat' dir='ltr'>eaque</span> <span class='ocrx_word' id='word_1_295' title='bbox 904 3747 1031 3828; x_wconf 91' lang='lat' dir='ltr'>optime</span> <span class='ocrx_word' id='word_1_296' title='bbox 1049 3748 1221 3826; x_wconf 87' lang='lat' dir='ltr'>instructa,</span> <span class='ocrx_word' id='word_1_297' title='bbox 1237 3749 1395 3830; x_wconf 81' lang='lat' dir='ltr'>prodibit,</span> <span class='ocrx_word' id='word_1_298' title='bbox 1412 3769 1497 3832; x_wconf 90' lang='lat' dir='ltr'>quae</span> 
     </span>
    </p>
   </div>
   <div class='ocr_carea' id='block_1_22' title="bbox 214 3821 1498 3936">
    <p class='ocr_par' dir='ltr' id='par_1_26' title="bbox 214 3821 1498 3936">
     <span class='ocr_line' id='line_1_36' title="bbox 216 3821 1007 3884; baseline -0.005 -16"><span class='ocrx_word' id='word_1_299' title='bbox 216 3821 367 3884; x_wconf 81' lang='lat' dir='ltr'>lissintpo-</span> <span class='ocrx_word' id='word_1_300' title='bbox 518 3851 525 3864; x_wconf 87' lang='lat'>·</span> <span class='ocrx_word' id='word_1_301' title='bbox 657 3851 663 3864; x_wconf 87' lang='lat'>.</span> <span class='ocrx_word' id='word_1_302' title='bbox 896 3851 902 3864; x_wconf 91' lang='lat'><strong>.</strong></span> <span class='ocrx_word' id='word_1_303' title='bbox 1000 3851 1007 3864; x_wconf 89' lang='lat'>.</span> 
     </span>
     <span class='ocr_line' id='line_1_37' title="bbox 214 3850 1498 3936; baseline -0.001 -19"><span class='ocrx_word' id='word_1_304' title='bbox 214 3887 319 3936; x_wconf 47' lang='lat' dir='ltr'>„pan-5,</span> <span class='ocrx_word' id='word_1_305' title='bbox 392 3861 564 3934; x_wconf 79' lang='lat' dir='ltr'>suppetias</span> <span class='ocrx_word' id='word_1_306' title='bbox 590 3863 703 3914; x_wconf 87' lang='lat' dir='ltr'>vemat</span> <span class='ocrx_word' id='word_1_307' title='bbox 736 3850 969 3915; x_wconf 77' lang='lat' dir='ltr'>laborantibus</span> <span class='ocrx_word' id='word_1_308' title='bbox 999 3870 1031 3911; x_wconf 89' lang='lat' dir='ltr'>m</span> <span class='ocrx_word' id='word_1_309' title='bbox 1060 3852 1196 3933; x_wconf 89' lang='lat' dir='ltr'>pulvere</span> <span class='ocrx_word' id='word_1_310' title='bbox 1222 3861 1256 3916; x_wconf 93' lang='lat' dir='ltr'>et</span> <span class='ocrx_word' id='word_1_311' title='bbox 1281 3853 1362 3930; x_wconf 91' lang='lat' dir='ltr'>sole,</span> <span class='ocrx_word' id='word_1_312' title='bbox 1398 3863 1498 3935; x_wconf 90' lang='lat' dir='ltr'>atque</span> 
     </span>
    </p>
   </div>
   <div class='ocr_carea' id='block_1_23' title="bbox 205 3951 1497 4248">
    <p class='ocr_par' dir='ltr' id='par_1_27' title="bbox 205 3951 1497 4248">
     <span class='ocr_line' id='line_1_38' title="bbox 294 3951 1497 4050; baseline 0.001 -33"><span class='ocrx_word' id='word_1_313' title='bbox 294 4001 366 4050; x_wconf 78' lang='lat' dir='ltr'>clero</span> <span class='ocrx_word' id='word_1_314' title='bbox 391 3951 540 4017; x_wconf 81' lang='lat' dir='ltr'>defessos</span> <span class='ocrx_word' id='word_1_315' title='bbox 564 3955 788 4036; x_wconf 89' lang='lat' dir='ltr'>emeritosque</span> <span class='ocrx_word' id='word_1_316' title='bbox 822 3954 953 4034; x_wconf 87' lang='lat' dir='ltr'>integra</span> <span class='ocrx_word' id='word_1_317' title='bbox 992 3955 1155 4035; x_wconf 89' lang='lat' dir='ltr'>suppleat.</span> <span class='ocrx_word' id='word_1_318' title='bbox 1190 3955 1327 4031; x_wconf 89' lang='lat' dir='ltr'>Verum,</span> <span class='ocrx_word' id='word_1_319' title='bbox 1363 3957 1397 4019; x_wconf 91' lang='lat' dir='ltr'>in</span> <span class='ocrx_word' id='word_1_320' title='bbox 1426 3957 1497 4038; x_wconf 87' lang='lat' dir='ltr'>ipsa</span> 
     </span>
     <span class='ocr_line' id='line_1_39' title="bbox 213 4057 1497 4144; baseline 0.009 -30"><span class='ocrx_word' id='word_1_321' title='bbox 213 4067 367 4144; x_wconf 62' lang='lat' dir='ltr'>aurernpm·</span> <span class='ocrx_word' id='word_1_322' title='bbox 391 4076 559 4121; x_wconf 90' lang='lat' dir='ltr'>sacrorum</span> <span class='ocrx_word' id='word_1_323' title='bbox 586 4075 761 4122; x_wconf 89' lang='lat' dir='ltr'>munerum</span> <span class='ocrx_word' id='word_1_324' title='bbox 787 4057 1029 4140; x_wconf 83' lang='lat' dir='ltr'>perfunctione,</span> <span class='ocrx_word' id='word_1_325' title='bbox 1056 4057 1152 4122; x_wconf 80' lang='lat' dir='ltr'>facile</span> <span class='ocrx_word' id='word_1_326' title='bbox 1182 4061 1304 4123; x_wconf 90' lang='lat' dir='ltr'>videtis</span> <span class='ocrx_word' id='word_1_327' title='bbox 1330 4071 1497 4143; x_wconf 89' lang='lat' dir='ltr'>quantum</span> 
     </span>
     <span class='ocr_line' id='line_1_40' title="bbox 205 4147 1496 4248; baseline 0.002 -22"><span class='ocrx_word' id='word_1_328' title='bbox 205 4147 364 4247; x_wconf 53' lang='grc' dir='ltr'>ᾆξ’,ῗοᾜζξ</span> <span class='ocrx_word' id='word_1_329' title='bbox 390 4163 528 4248; x_wconf 90' lang='lat' dir='ltr'>periculi</span> <span class='ocrx_word' id='word_1_330' title='bbox 552 4163 657 4226; x_wconf 88' lang='lat' dir='ltr'>virtus</span> <span class='ocrx_word' id='word_1_331' title='bbox 684 4163 736 4226; x_wconf 90' lang='lat' dir='ltr'>vel</span> <span class='ocrx_word' id='word_1_332' title='bbox 761 4164 869 4226; x_wconf 90' lang='lat' dir='ltr'>solida</span> <span class='ocrx_word' id='word_1_333' title='bbox 896 4161 1055 4238; x_wconf 87' lang='lat' dir='ltr'>offendat,</span> <span class='ocrx_word' id='word_1_334' title='bbox 1072 4175 1104 4227; x_wconf 92' lang='lat' dir='ltr'>et</span> <span class='ocrx_word' id='word_1_335' title='bbox 1121 4185 1221 4248; x_wconf 89' lang='lat' dir='ltr'>quam</span> <span class='ocrx_word' id='word_1_336' title='bbox 1239 4167 1281 4228; x_wconf 92' lang='lat' dir='ltr'>sit</span> <span class='ocrx_word' id='word_1_337' title='bbox 1311 4167 1496 4230; x_wconf 91' lang='lat' dir='ltr'>humanum</span> 
     </span>
    </p>
   </div>
   <div class='ocr_carea' id='block_1_24' title="bbox 420 4287 623 4346">
    <p class='ocr_par' dir='ltr' id='par_1_28' title="bbox 420 4287 623 4346">
     <span class='ocr_line' id='line_1_41' title="bbox 420 4287 623 4346; baseline 0.005 -13"><span class='ocrx_word' id='word_1_338' title='bbox 420 4301 439 4333; x_wconf 82' lang='lat' dir='ltr'>r.</span> <span class='ocrx_word' id='word_1_339' title='bbox 456 4287 524 4346; x_wconf 74' lang='lat' dir='ltr'>Epa,</span> <span class='ocrx_word' id='word_1_340' title='bbox 539 4298 574 4341; x_wconf 90' lang='lat' dir='ltr'>rv,</span> <span class='ocrx_word' id='word_1_341' title='bbox 588 4301 623 4334; x_wconf 81' lang='lat'>12.</span> 
     </span>
    </p>
   </div>
   <div class='ocr_carea' id='block_1_25' title="bbox 0 0 1616 4888">
    <p class='ocr_par' dir='ltr' id='par_1_29' title="bbox 0 0 1616 4888">
     <span class='ocr_line' id='line_1_42' title="bbox 0 0 1616 4888; baseline 0 3"><span class='ocrx_word' id='word_1_342' title='bbox 0 0 1616 4888; x_wconf 95' lang='lat' dir='ltr'> </span> 
     </span>
    </p>
   </div>
  </div>
 </body>
</html>
