3216 4880
477 239 598 287 INDEX
626 239 877 290 ANALYTICUS.
1162 245 1233 315 343

119 389 295 444 inculcanda
311 400 376 443 sunt
389 390 496 459 populo
509 400 548 456 ut,
563 389 597 443 iis
610 389 740 458 servatis,
754 390 897 445 catholica
909 390 981 446 fides
995 390 1107 460 integra
1120 401 1233 462 perma-

121 487 193 562 neat¹
204 489 233 534 et
246 477 337 546 magis
350 479 449 532 floreat
463 491 586 546 253252Γ
605 508 640 517 -
651 479 789 532 Divinum
802 479 938 533 auxilium
960 479 1135 549 imploratur,
1150 481 1235 536 inter-

123 566 294 621 cedentibus
308 567 339 620 B.
356 565 457 634 Maria,
467 565 494 619 S.
508 565 644 634 Josepho‚
658 576 685 618 et
701 565 836 620 Poloniae
848 567 981 620 Patronis
994 579 1058 635 254.
1074 623 1076 628 ,

162 682 431 757 47.EP18T01.A
441 681 585 732 adCard.
599 681 913 746 Richard‚nrchlep.
926 683 1147 732 parisiensem

120 771 311 820 deecclesia
325 772 359 819 in
375 771 488 820 Monte
501 769 799 831 Martyrum-15
812 771 937 830 nprttts
951 769 1041 819 1894.
1082 783 1146 836 pag.
1184 777 1235 834 255

163 872 276 926 Gaudet
291 871 421 926 Pontifex
434 871 462 924 in
476 871 583 941 templo
600 871 650 924 SS.
663 871 765 924 Cordis
778 871 815 926 ad
830 871 959 925 Montem
975 873 1144 941 Martyrum,
1158 871 1236 926 brevi

118 959 183 1028 jam
199 958 380 1028 perficiendo,
402 959 560 1012 uberrimos
580 957 627 1012 edi
649 957 762 1028 pietatis
784 958 902 1025 fructus,
921 975 1027 1028 magna
1048 959 1163 1029 quidem
1185 975 1236 1028 spe

119 1046 227 1100 salutis
241 1046 350 1100 Galliae
364 1059 396 1115 25
402 1059 464 1116 5.-
478 1047 565 1100 Mons
578 1046 625 1100 ille
639 1047 778 1113 sanguine
792 1047 950 1114 Martyrum
959 1048 1097 1116 perinsus,
1108 1046 1236 1101 christia·

119 1152 180 1189 nos
202 1134 317 1188 ddcebit
339 1134 420 1188 Fidei
440 1135 568 1205 pretium.
594 1135 660 1188 Huc
680 1133 812 1188 certatim
830 1134 904 1189 Galli
933 1136 1113 1202 conveniant,
1137 1150 1236 1204 preces

118 1221 214 1276 fusuri
224 1238 259 1275 ex
272 1221 357 1276 corde
370 1221 520 1276 virtutibus
534 1221 697 1276 christianis
711 1220 815 1289 insigni
831 1221 956 1290 ²55·256·
972 1253 1007 1262 -
1020 1223 1091 1276 Prae
1103 1239 1154 1276 sna
1167 1237 1237 1290 erga

120 1309 252 1364 Galliam
266 1308 465 1377 sollicitudine,
478 1326 535 1363 non
549 1319 643 1378 potest
658 1307 788 1362 Pontifex
800 1309 868 1378 quin
891 1319 920 1364 et
941 1309 1017 1363 istud
1030 1327 1103 1378 opus
1116 1317 1236 1377 paterna

117 1397 326 1450 benevolentia
338 1409 533 1467 prosequatur.
549 1397 714 1452 Subsidium
727 1409 826 1466 25,ooo
837 1397 972 1452 librarum
986 1397 1118 1466 aliudque
1127 1397 1235 1450 donum

117 1483 224 1538 tribuit
238 1486 298 1552 256.

157 1602 213 1652 48.
227 1601 465 1653 ALLOCUTIO
479 1604 521 1652 ad
537 1604 711 1666 Hispanos.
733 1629 767 1638 -
781 1603 817 1652 18
834 1605 957 1665 Aprllis
974 1603 1064 1653 1894.
1080 1615 1144 1668 pag.
1182 1611 1234 1666 257

157 1701 296 1755 Testatur
310 1701 440 1756 Pontisex
454 1703 602 1771 Hispanos
616 1719 683 1773 prae
696 1703 816 1756 caeteris
830 1701 963 1771 gentibus
976 1702 1096 1756 devotos
1111 1703 1235 1757 Sanctae

121 1787 197 1845 Sedi
212 1805 276 1842 sese
289 1789 430 1855 exhibere,
444 1790 512 1842 dum
527 1791 636 1842 Romae
649 1799 729 1843 tanta
742 1789 902 1858 frequentia
915 1799 981 1842 sunt
994 1789 1158 1857 congregati
1173 1801 1234 1858 257.

118 1907 157 1916 --
173 1877 298 1930 Gentem
310 1875 408 1929 laudat
422 1875 504 1928 Fidei
518 1875 690 1945 integritate,
704 1875 863 1930 sanctitatis
877 1875 1028 1945 splendore
1037 1886 1122 1944 atque
1131 1875 1236 1929 doctri·

119 1980 190 2031 nae,
204 1962 359 2032 multisque
372 1963 508 2017 Conciliis
520 1964 650 2018 inclitam
663 1979 678 2016 2
683 1977 743 2032 57·2
749 1965 789 2032 58.
804 1994 838 2004 -
854 1965 935 2018 lllam
958 1964 1036 2018 dolet
1053 1964 1143 2016 multa
1155 1978 1236 2031 prae-

120 2053 202 2108 senti
217 2052 332 2106 saeculo
350 2053 522 2106 detrimenta
534 2053 690 2122 accepisse,
703 2054 869 2123 perturbata
891 2051 999 2107 scilicet
1022 2069 1052 2106 re
1073 2051 1190 2120 politica
1207 2061 1236 2104 et

119 2140 236 2207 sociali,
258 2140 427 2210 illorumque
453 2141 592 2194 malorum
618 2125 776 2196 remedium
794 2140 919 2196 ostendit
940 2139 1108 2208 religionem
1131 2137 1237 2193 Christi

120 2229 185 2297 258.
202 2259 237 2266 -
251 2227 365 2282 Gaudet
381 2227 536 2298 Hispanos,
550 2243 583 2281 ex
596 2227 674 2282 omni
685 2227 830 2283 societatis
843 2229 942 2283 ordine
953 2239 1019 2282 ante
1038 2245 1069 2282 se
1081 2243 1236 2296 congrega·

119 2329 176 2383 tos,
192 2315 235 2369 sic
245 2316 365 2384 obsequi
378 2315 536 2384 praeceptis
552 2316 700 2370 charitatis
709 2333 782 2386 quae
795 2317 957 2386 nuperrime
967 2315 1100 2385 gentibus
1113 2313 1236 2368 inculca·

117 2407 161 2459 vit
174 2420 189 2458 2
194 2403 284 2472 58-59.
296 2429 329 2439 -
345 2404 489 2457 ltlemorat
503 2420 553 2471 pro
568 2403 707 2473 Hispanis
719 2404 897 2471 collegiuma
911 2419 941 2456 se
956 2402 984 2455 in
998 2401 1076 2455 Urbe
1089 2400 1238 2454 conditum

119 2505 134 2544 2
140 2501 184 2558 39.
198 2515 235 2524 -
246 2486 287 2540 Ut
301 2495 413 2554 optatos
426 2486 534 2540 fructus
547 2487 670 2556 proferat
685 2489 712 2542 S.
726 2485 987 2554 Sedissollicitudo,
998 2485 1120 2540 inculcat
1133 2484 1237 2538 Catho-

117 2575 184 2629 licis
199 2571 385 2627 concordiam
398 2573 471 2629 inter
484 2591 515 2628 se
528 2575 707 2642 servandam,
721 2583 748 2628 et
772 2573 966 2628 obedientiam
985 2571 1148 2627 auctoritati
1161 2569 1237 2625 civili

116 2659 318 2718 exhibendam
332 2673 392 2730 259.
405 2692 441 2700 —
461 2663 658 2732 Hispanorum
680 2662 795 2731 reginae
816 2661 961 2717 benedicit
983 2671 1069 2732 atque
1090 2659 1152 2728 ejus
1170 2658 1237 2726 filio,

120 2745 289 2817 Episcopis,
302 2748 377 2801 clero
388 2760 416 2802 et
425 2750 531 2819 populo
545 2765 559 2803 2
564 2750 670 2819 59·260.

157 2875 215 2924 49.
251 2873 459 2924 EPISTOLA
479 2876 521 2924 ad
548 2877 726 2936 Episcopos
749 2877 963 2925 Peruvienses
984 2874 1025 2924 de
1052 2875 1150 2925 rebus

118 2961 354 3013 ecclesiasticis
377 2963 412 3010 ln
433 2963 586 3012 Peruvla.
607 2988 642 2996 —
663 2965 676 3011 1
696 2963 779 3012 Mali
799 2961 903 3011 1894.
1084 2973 1147 3026 pag.
1186 2957 1236 3010 261

158 3069 352 3124 Gratissimae
373 3069 452 3124 suere
475 3069 605 3125 Pontifici
629 3070 837 3140 Episcoporum
855 3071 964 3124 litterae
981 3070 1018 3123 de
1040 3078 1182 3122 conventu
1200 3069 1239 3121 ab

121 3158 195 3228 ipsis
209 3157 240 3210 in
255 3154 381 3210 Limensi
395 3157 465 3210 urbe
478 3167 594 3226 peracto
608 3159 704 3211 261.-
719 3158 842 3226 Exoptat
853 3167 882 3211 ut
895 3157 1057 3226 frequenter
1070 3155 1141 3208 tales
1150 3169 1237 3220 agan·

121 3257 168 3301 tur
178 3254 279 3298 coetus
292 3243 331 3297 rei
346 3243 496 3312 religiosae
509 3244 645 3314 perutiles
664 3244 725 3298 261.
738 3273 773 3282 -
793 3243 947 3313 Sequentia
968 3253 1074 3308 monet,
1087 3241 1124 3296 ad
1147 3239 1238 3294 incre-

121 3339 257 3384 mentum
269 3328 404 3383 catholici
417 3331 550 3398 nominis,
563 3332 592 3384 in
606 3330 735 3384 coetibus
749 3331 925 3384 attendenda
939 3349 944 3384 :
968 3345 993 3382 ιο
1006 3331 1101 3396 Agant
1121 3327 1149 3380 in
1168 3324 1239 3396 ipsis

123 3417 267 3488 Episcopi
287 3419 324 3472 de
342 3436 453 3473 morum
475 3419 627 3489 disciplina
647 3421 796 3488 servanda,
809 3437 922 3474 necnon
934 3420 971 3474 de
981 3418 1128 3473 doctrinae
1142 3415 1239 3470 studio

120 3505 259 3559 acuendo
273 3504 300 3558 in
320 3501 443 3560 alumnis
456 3508 564 3561 ordinis
587 3507 669 3562 sacri.
694 3509 853 3561 Doctorum
873 3506 949 3562 enim
963 3505 1111 3561 scientiam
1134 3502 1238 3557 consti-

121 3594 176 3646 tuit
200 3594 284 3646 Deus
306 3593 418 3648 firmum
438 3595 564 3649 veritatis
578 3594 751 3664 praesidium
765 3594 891 3648 aot-262.
908 3625 940 3633 -—
954 3595 1061 3648 Nostra
1071 3590 1238 3662 praesertim

122 3692 220 3736 aetate
228 3697 302 3751 opus
316 3691 358 3734 est
371 3698 458 3752 quam
469 3681 591 3736 maxime
605 3693 634 3735 ut
648 3681 830 3736 scientiarum
839 3683 926 3736 armis
935 3681 1063 3736 instructi
1075 3680 1131 3734 sint
1142 3678 1238 3732 defen-

123 3785 206 3824 sores
221 3767 304 3822 Fidei
319 3769 377 3822 262.
391 3799 426 3807 —
440 3771 573 3824 Servetur
586 3769 615 3823 in
629 3769 799 3824 Seminariis
814 3769 972 3824 studiorum
984 3769 1057 3822 ratio
1070 3786 1087 3821 a
1100 3765 1239 3820 Pontifice

122 3855 193 3908 olim
216 3856 393 3925 praescripta
406 3858 576 3926 :maximus
589 3873 693 3926 nempe
713 3856 853 3910 habeatur
875 3858 966 3910 honor
987 3853 1187 3924 philosophiae
1201 3855 1238 3906 D.

124 3941 278 4008 Thomae;
300 3942 448 3997 tradantur
469 3943 605 3998 scientiae
628 3943 772 4012 physicae,
785 3960 873 4014 quum
893 3944 928 3997 iis
953 3944 1135 4013 potissimum
1160 3939 1240 4011 impii

126 4027 291 4082 abutantur.
306 4029 510 4085 Custodiantur
532 4047 604 4100 quae
626 4031 663 4084 de
685 4031 797 4084 biblicis
817 4030 917 4084 studiis
932 4030 1063 4084 Pontifex
1075 4030 1162 4082 edixit
1176 4028 1240 4082 262-

127 4114 189 4180 263.
201 4143 236 4152 -
250 4125 279 4168 2⁰
288 4115 422 4186 Optimos
435 4117 561 4187 deligant
575 4117 714 4187 Episcopi
725 4117 856 4172 curiones
870 4117 1010 4186 paroeciis
1024 4115 1240 4186 praeficiendos,

126 4203 236 4272 quippe
248 4220 370 4272 quornm
382 4206 582 4272 gravissimum
597 4203 864 4276 sanctissimumque
878 4219 981 4260 munus
1003 4217 1055 4273 est,
1069 4205 1103 4259 iis
1124 4203 1241 4273 quidem
