3296 4886
430 266 479 338 80
506 284 690 336 EPISTOLA
707 286 759 335 AD
779 286 893 336 EPISC.
915 287 1147 338 PROVINCIAE
1171 287 1532 340 tim-Enonncssnsls·

195 513 200 522 ,
257 490 261 498 ,
299 447 401 525 Laudat
426 435 523 498 huius
548 433 694 499 Sanctae
710 433 809 499 Sedis
835 435 1149 500 observantissimos
1174 437 1328 500 novimus
1344 445 1378 500 et
1406 437 1535 520 experti

252 528 399 564 ananamem
425 557 541 605 sumus
557 556 661 620 quum
692 537 734 601 ad
752 537 825 602 Nos
840 539 1051 615 accederent,
1067 539 1235 623 quispiam
1262 557 1457 623 numquam,
1481 559 1536 602 ne-

300 591 399 626 stimme

269 645 399 708 Episcopo·
426 643 516 707 mine
531 662 666 724 prorsus
676 652 830 724 excepto,
846 643 935 707 visus
949 653 999 708 est
1023 645 1194 727 ambigere
1210 643 1253 707 de
1269 643 1421 706 doctrina
1437 643 1480 707 ab
1495 663 1535 707 ea

249 726 308 758 mm
323 712 399 834 ἐξὲξ
424 747 548 810 tradita
570 747 658 810 circa
687 746 819 810 scholas
843 749 876 812 in
907 749 1029 830 quibus
1054 748 1238 813 catholicos
1255 767 1375 830 pueros
1409 748 1535 812 institui

295 841 400 955 usam
425 851 650 933 oportetUna
659 851 785 915 scilicet
794 852 946 916 omnium
959 853 1126 916 sententia
1135 861 1187 916 est
1197 851 1393 934 negantium
1407 851 1536 915 scholas

250 972 389 1035 improban-
424 956 557 1038 probari
574 975 673 1038 posse
685 964 828 1032 neutras,
844 975 965 1038 nempe
981 955 1150 1039 religionis
1162 962 1329 1036 expertes,
1343 955 1402 1017 sed
1420 955 1535 1017 unani·

260 1039 399 1164 umidi
424 1059 523 1124 miter
531 1059 778 1139 confessionales
788 1059 956 1135 adserunt,
967 1067 1067 1141 prout
1077 1059 1111 1123 in
1124 1057 1317 1140 regionibus
1329 1058 1439 1120 evenit
1449 1075 1533 1139 quas

268 1170 397 1216 Praesules
424 1162 618 1226 acatholicis
646 1162 804 1243 permixti
833 1159 949 1225 fideles
970 1160 1121 1225 incolunt
1141 1160 1297 1240 ,scholas
1314 1161 1473 1225 nimirum
1500 1161 1533 1224 in

271 1233 398 1348 Ami,
425 1267 546 1348 quibus
562 1266 655 1347 pueri
681 1264 876 1347 religionem
893 1265 955 1329 rite
973 1266 1137 1329 docentur
1153 1264 1197 1328 ab
1213 1264 1253 1327 iis
1268 1284 1353 1346 quos
1369 1263 1445 1326 huic
1463 1283 1532 1327 ma·

250 1365 399 1493 ι’ίῖυἱξῑζῗ
426 1371 562 1452 gisterio
585 1390 682 1452 pares
706 1369 865 1452 Episcopi
881 1369 1088 1451 agnoverint.
1106 1369 1258 1432 Praestat
1281 1367 1404 1450 itaque,
1422 1366 1533 1432 Vene-

247 1497 400 1545 mrsconven.
427 1474 547 1538 rabiles
564 1473 707 1550 Fratres,
722 1482 759 1538 ut
780 1491 939 1536 unacum
956 1473 1074 1535 ceteris
1091 1471 1306 1535 Dioecesium
1324 1471 1535 1536 Praesulibus

248 1562 400 1676 ‘3322‘
426 1577 571 1660 regionis
595 1577 689 1641 istius
710 1575 929 1641 connitamini
956 1577 1102 1639 consiliis
1129 1576 1315 1658 studiisque
1342 1574 1478 1656 paribus
1495 1595 1535 1638 ne

287 1691 399 1767 tionibus
426 1683 518 1763 pueri
535 1681 689 1744 catholici
706 1701 764 1744 eos
779 1681 948 1744 celebrent
964 1680 1141 1744 litterarios
1158 1679 1256 1742 ludos
1272 1677 1305 1741 in
1322 1675 1443 1760 quibus
1460 1676 1533 1740 reli-

279 1755 400 1886 ’ἴῖζῖζξ
424 1785 518 1866 giosa
530 1803 646 1848 eornm
662 1785 828 1849 institutio
845 1784 1129 1866 praetermittitur,
1144 1791 1365 1864 apertumque
1381 1781 1535 1845 imminet

283 1887 399 2001 cmg}
424 1909 532 1952 mores
560 1889 770 1971 pervertendi
797 1887 985 1953 discrimen.
1007 1887 1121 1972 Quare
1138 1887 1354 1951 vehementer
1369 1895 1536 1968 optamus,

246 2019 340 2068 scholas
353 2017 396 2066 ad.
423 2006 522 2077 prout
532 1995 627 2060 vobis
637 1993 861 2076 significatum
871 2003 922 2057 cst
933 2013 993 2077 per
1002 2012 1132 2056 sacrum
1150 1991 1335 2057 Consilium
1352 1989 1535 2054 christiano

245 2091 312 2134 Μ’·
423 2099 549 2162 nomini
563 2099 791 2181 propagando,
818 2097 903 2162 utin
921 2098 1085 2180 proximis
1102 2097 1347 2180 Episcoporum
1362 2096 1535 2160 conventi·

423 2203 485 2266 bus
501 2201 618 2266 sedulo
633 2201 825 2267 deliberetis
841 2204 885 2267 de
906 2202 1092 2266 rationibus
1114 2203 1268 2266 ineundis
1284 2221 1369 2285 quae
1384 2201 1461 2265 huic
1479 2199 1535 2263 fini

292 2335 396 2384 cmm.
424 2303 633 2388 assequendo
660 2305 835 2387 potissime
864 2305 1046 2371 conserant.
1076 2305 1240 2388 Cupimus
1276 2315 1447 2387 praeterea
1474 2323 1535 2367 vos

246 2400 399 2528 malz
423 2410 524 2473 enixe
539 2411 742 2473 contendere
758 2411 864 2492 utqui
880 2429 1033 2474 summae
1054 2411 1101 2474 rei
1118 2419 1278 2493 praesunt
1295 2410 1328 2472 in
1341 2407 1534 2474 civitatibus

248 2532 309 2592 lega
320 2532 395 2595 impe.
422 2512 571 2594 singulis,
586 2514 691 2595 probe
714 2523 934 2596 agnoscentes
951 2513 1032 2576 nihil
1050 2535 1122 2578 esse
1139 2515 1181 2578 ad
1198 2513 1342 2576 salutem
1363 2512 1409 2576 rei
1426 2512 1534 2595 publi·

246 2597 395 2710 filiiflii,
422 2639 481 2682 cae
505 2618 665 2700 religione
695 2618 928 2701 praestantius,
952 2615 1153 2700 sapientium
1170 2617 1282 2700 ¹⁸ss¹¹¹¹¹
1306 2616 1432 2681 latim
1457 2637 1534 2699 ΡΜ

267 2727 396 2803 {tltit'vmjs
422 2723 573 2804 spiciam,
589 2731 626 2785 ut
648 2721 792 2786 docendi
809 2721 1039 2797 ministerium,
1055 2721 1145 2804 quod
1174 2721 1318 2804 publicis
1344 2720 1534 2801 sumptibus

243 2791 396 2920 ,imm
422 2826 573 2906 adeoque
588 2825 720 2888 collatis
735 2824 837 2888 etiarn
854 2823 1094 2888 catholicorum
1111 2825 1233 2907 opibus
1251 2833 1434 2899 exercetur,
1451 2823 1534 2887 nihil

421 2931 543 2993 habeat
554 2930 644 3012 quod
655 2949 770 2994 eorum
781 2930 1006 2994 conscientiae
1015 2927 1140 2994 officiat
1150 2938 1209 2994 aut
1218 2930 1414 3012 religionem
1427 2927 1534 2994 olien-
1610 2989 1611 3000 ,

421 3035 488 3098 dat.
505 3032 614 3095 Nobis
630 3033 720 3098 enim
741 3053 938 3115 persuasum
955 3043 1007 3098 est
1029 3033 1118 3098 cives
1138 3054 1271 3119 quoque
1286 3045 1416 3099 vestros
1439 3035 1535 3118 quia

421 3137 530 3201 Nobis
546 3136 719 3216 dissident,
735 3157 795 3220 pro
822 3159 861 3203 ea
877 3159 943 3222 qua
960 3147 1131 3221 praestant
1148 3137 1273 3221 ingenii
1289 3137 1321 3200 vi
1338 3147 1371 3200 et
1389 3137 1533 3219 pruden-

420 3242 477 3318 tia,
503 3239 599 3306 facile
625 3241 814 3306 abiecturos
844 3243 1049 3326 suspiciones
1080 3243 1322 3325 opinionesque
1360 3239 1534 3305 Ecclesiae

421 3344 605 3410 catholicae
632 3343 788 3426 infensas,
808 3347 963 3429 ultroque
989 3347 1162 3428 agnituros
1189 3343 1262 3427 ejus
1291 3345 1411 3410 merita
1437 3365 1535 3427 quae,
1609 3349 1610 3378 l

421 3447 554 3511 ethnica
570 3447 722 3513 barbarie
738 3469 796 3531 per
812 3449 975 3532 evangelii
989 3439 1101 3513 lumen
1115 3449 1264 3532 depulsa,
1278 3467 1400 3512 novam
1413 3468 1534 3532 proge-

422 3553 494 3616 nuit
524 3553 731 3630 societatem,
754 3553 1010 3618 christianarum
1038 3554 1200 3619 virtutum
1219 3554 1340 3617 decore
1371 3553 1534 3636 omnique

421 3655 512 3719 cultu
529 3655 749 3720 humanitatis
765 3657 942 3740 insignem.
959 3655 1063 3720 Hisce
1078 3665 1191 3721 autem
1208 3657 1400 3740 perspectis,
1416 3675 1535 3738 passu-

422 3779 494 3822 rum
526 3778 599 3822 esse
626 3760 795 3823 nerninem
823 3761 898 3824 istic
923 3770 1091 3843 putamus,
1121 3769 1159 3824 ut
1189 3759 1345 3826 catholici
1376 3769 1535 3841 parentes

421 3873 585 3943 cogantur
599 3881 639 3926 ea
666 3862 810 3928 condere
834 3864 986 3948 tuerique
1002 3865 1179 3948 gymnasia
1201 3875 1235 3928 et
1253 3862 1394 3942 scholas,
1409 3864 1534 3946 quibus

382 4041 387 4052 .
422 3966 469 4028 uti
486 3975 655 4047 nequeant
671 3967 713 4030 ad
731 3963 816 4030 filios
832 3988 910 4032 suos
926 3969 1158 4032 instituendos.
1185 3967 1324 4032 Interim
1340 3987 1382 4032 eo
1409 3969 1534 4032 reversi

280 4037 397 4166 §dm
422 4071 510 4134 unde
537 4071 676 4152 digressi
693 4089 820 4151 sumus,
846 4071 916 4137 sore
938 4071 1138 4137 confidimus
1164 4081 1202 4136 ut
1233 4070 1387 4154 perlectis
1412 4071 1533 4136 litteris

256 4173 394 4247 praesenta]-
421 4173 511 4236 hisce
529 4171 670 4252 Nostris,
686 4173 732 4238 nil
754 4174 847 4240 triste
870 4185 928 4240 aut
944 4177 1098 4240 tetricum
1123 4175 1157 4239 in
1174 4175 1295 4240 animis
1312 4175 1430 4240 vestris
1453 4177 1532 4240 resi·

245 4235 396 4351 wilzi
421 4277 500 4340 deat
514 4278 606 4359 quod
633 4277 673 4342 iis
688 4277 740 4342 vel
762 4278 869 4342 levem
887 4279 1087 4344 nubeculam
1114 4279 1278 4346 offundat.
1293 4278 1432 4346 Certum
1459 4281 1531 4345 imo
