3222 4888
30 3121 83 3174 dd

88 3036 134 3102 ,κ’

799 437 1122 523 sprsronn

568 630 626 690 nd
647 629 985 702 archiepiscopum
1010 627 1332 700 burdigalensem.

696 803 763 862 DE
794 801 953 861 REBUS
980 799 1205 862 GALLIAE.

582 1091 706 1142 RATAE
745 1077 960 1140 vehementer
1002 1075 1111 1138 Nobis
1143 1076 1276 1140 litterae
1307 1081 1496 1160 extiterunt,

219 1135 365 1252 Micsgjlrl
422 1132 579 1378 1-ᾶὲ
601 1201 686 1264 quas
710 1182 765 1245 die
792 1193 884 1243 xxvl
912 1178 1090 1260 superioris
1118 1181 1241 1246 mensis
1267 1179 1344 1244 Iulii
1369 1184 1413 1246 ad
1430 1185 1495 1249 Nos

291 1304 367 1354 Laeto
601 1284 748 1362 dedisti;
773 1279 897 1348 novum
929 1281 1019 1344 enirn
1050 1283 1234 1363 praebuere
1264 1297 1495 1366 argumentum

282 1371 368 1419 ‘²¹¹¹'''¹⁰
425 1377 578 1450 ’ἦῆΐό
600 1399 677 1451 tuae
693 1405 772 1469 erga
790 1387 863 1449 Nos
891 1385 1081 1460 voluntatis,
1109 1394 1143 1448 et
1167 1385 1415 1465 sollicitudinis,
1437 1411 1497 1472 qua

142 1415 148 1432 ⁸
245 1435 365 1498 Pontifex

243 1501 366 1576 naariam
391 1489 476 1554 duas
491 1512 627 1556 caussas
643 1490 863 1573 prosequeris,
888 1510 974 1572 quae
998 1489 1107 1552 Nobis
1133 1489 1283 1554 maxime
1306 1490 1401 1556 cordi
1418 1507 1499 1571 sunt,

216 1572 364 1680 mm:
393 1595 518 1676 quippe
534 1595 705 1677 religionis
721 1603 754 1656 et
771 1593 921 1658 Gallicae
934 1592 1043 1674 gentis
1060 1591 1186 1656 bonurn
1204 1592 1396 1675 respiciunt.
1414 1595 1498 1661 Sane

235 1697 367 1775 corrumpe
390 1716 435 1760 ex
463 1707 619 1761 accurata
646 1696 871 1778 descriptione
902 1715 969 1777 qua
996 1705 1208 1777 praesentem
1225 1695 1321 1762 istius
1351 1697 1496 1781 regionis

228 1769 365 1877 omri?
390 1811 515 1863 statum
542 1801 650 1864 Nobis
675 1800 870 1875 exhibuisti,
898 1798 1100 1880 perlibenter
1136 1797 1337 1879 agnovimus
1365 1799 1401 1864 in
1433 1801 1498 1864 dies

214 1894 340 1942 ''W'‘-
391 1907 499 1986 magis
515 1905 717 1968 invalescere
733 1905 844 1967 studia
861 1902 1091 1967 conciliandae
1115 1904 1316 1968 concordiae
1341 1915 1376 1969 et
1401 1907 1498 1988 pacis,

389 2027 485 2090 quae,
501 2007 589 2070 datis
606 2008 726 2072 iterum
744 2009 934 2090 iterumque
949 2005 1078 2082 litteris,
1088 2006 1234 2070 cordatis
1251 2007 1327 2071 istic
1344 2010 1497 2072 omnibus

389 2111 569 2198 probisque
598 2111 676 2174 viris
706 2109 808 2174 enixe
838 2107 1160 2173 commendavimus
1193 2107 1363 2192 Equidem
1395 2110 1497 2174 felicis

388 2213 493 2278 instar
520 2215 643 2277 ominis
674 2213 757 2277 illud
790 2215 953 2278 babemus
984 2213 1074 2294 quod
1108 2211 1329 2295 intelligimus
1358 2215 1495 2278 rationis

387 2318 526 2382 vocibus
538 2319 657 2382 cedere
671 2318 771 2381 salsas
784 2318 997 2400 opinationes
1011 2317 1181 2380 mentibus
1195 2316 1319 2380 inditas
1329 2318 1372 2380 de
1384 2317 1496 2381 Eccle-

387 2422 446 2501 sia,
461 2423 556 2506 quasi
573 2423 617 2485 sit
633 2410 974 2505 gentis'prosperitati
1001 2418 1140 2496 insensa,
1165 2419 1321 2504 ultroque
1342 2422 1386 2484 ad
1416 2432 1494 2484 tern-

387 2527 569 2607 peratiores
585 2546 703 2590 sensus
719 2527 898 2608 aequitatis
923 2524 999 2588 ferri
1027 2543 1130 2607 quum
1156 2525 1246 2588 viros
1268 2525 1387 2588 acriori
1405 2545 1495 2607 prae·
1578 2587 1579 2594 ,

386 2633 475 2696 ditos
491 2633 637 2714 ingeni0,
653 2641 726 2696 tum
744 2631 1102 2714 populareshomines,
1117 2629 1175 2712 qui
1191 2630 1362 2714 simplices
1377 2639 1496 2713 suapte

282 2757 289 2764 ·
386 2747 505 2801 natura
521 2737 563 2800 ad
581 2746 670 2801 recte
687 2737 902 2802 sentiendum
918 2735 1079 2800 feruntur.
1093 2733 1132 2797 Id
1145 2733 1268 2798 laetam
1280 2733 1390 2799 Nobis
1403 2754 1493 2817 spem

385 2839 543 2918 ostendit,
567 2839 651 2903 felix
679 2841 760 2904 illud
785 2853 887 2922 atque
912 2839 1162 2922 optatissimum
1186 2848 1321 2921 tempus
1337 2851 1494 2922 appetere

384 2943 512 3007 solidae
528 2945 629 3026 pacis,
646 2965 714 3027 quo
729 2965 812 3026 gens
838 2943 971 3009 Gallica
986 2943 1093 3026 possit
1115 2943 1284 3025 dispersas
1300 2944 1388 3008 vires
1405 2943 1493 3009 colli·

383 3067 472 3130 gere,
497 3067 620 3130 easque
645 3049 689 3112 ad
716 3068 896 3112 commune
928 3046 1055 3110 bonum
1081 3045 1279 3110 coniunctas
1309 3045 1493 3110 intendere.

284 3165 356 3214 Vele-
383 3151 510 3214 Verum
527 3151 590 3214 etsi
607 3151 726 3215 merito
737 3172 781 3214 ex
792 3151 883 3214 hisce
896 3149 1040 3214 iucunde
1051 3147 1246 3226 afficiamur,
1258 3147 1366 3211 iacere
1378 3157 1490 3212 tamen

207 3237 346 3280 nouenos
383 3275 449 3318 non
467 3275 656 3336 possumus,
666 3257 747 3338 quin
759 3275 859 3337 aegre
876 3251 1247 3336 feramusgraviterque
1262 3251 1490 3333 improbemus

226 3297 355 3358 reprehen·

259 3362 298 3410 dit
324 3365 357 3439 μοι·
381 3358 607 3438 quorumdam
623 3377 753 3435 ausum,
768 3358 826 3440 qui
843 3355 1048 3421 catholicum
1077 3373 1200 3418 nornen
1229 3353 1490 3438 praeseferentes

215 3441 355 3556 cij?
381 3473 415 3527 et
430 3483 578 3528 amorem
607 3465 717 3530 avitae
733 3465 916 3547 religionis,
941 3463 989 3526 ita
1014 3481 1049 3526 se
1071 3463 1219 3543 partium
1246 3462 1368 3526 studiis
1383 3461 1490 3544 abripi

220 3557 355 3672 dms&
380 3567 503 3644 sinunt,
527 3577 573 3646 ut,
601 3569 796 3650 procacibus
822 3567 957 3650 scriptis
982 3566 1015 3630 in
1044 3565 1167 3648 vulgus
1192 3565 1302 3644 editis,
1327 3564 1488 3628 violenter

204 3687 328 3751 inserunt.
380 3671 527 3734 audeant
543 3673 631 3735 viros
648 3673 811 3753 impetere
827 3673 883 3754 qui
902 3669 1089 3754 praecelsas
1105 3670 1312 3735 obtinentin
1337 3667 1489 3734 Ecclesia

380 3775 445 3838 Dei
461 3775 654 3857 dignitates,
670 3795 730 3838 nec
746 3776 857 3858 ipsum
876 3793 1070 3856 supremum
1095 3771 1297 3838 Antistitem
1313 3781 1488 3854 expertem

380 3879 505 3942 faciant
530 3879 690 3943 conviciis
719 3879 796 3946 suis.
826 3879 901 3943 lmo
927 3879 991 3942 etsi
1019 3877 1058 3941 iis
1087 3877 1192 3960 probe
1217 3895 1360 3959 gnarum
1386 3875 1441 3954 sit,
1455 3894 1489 3938 se
1576 3871 1577 3894 ¹

379 3985 460 4046 nihil
477 3983 541 4048 hoc
558 3985 694 4049 tramite
709 3987 853 4068 assequi,
868 4005 937 4068 quo
962 3983 1071 4066 magis
1092 4001 1212 4045 caussa
1224 3981 1371 4064 politica,
1386 4000 1485 4062 quarn

379 4095 522 4165 tuentur,
539 4085 701 4170 proficiat,
716 4087 781 4151 hoc
797 4099 911 4151 tamen
939 4105 1006 4150 uno
1030 4085 1178 4168 gaudere
1198 4085 1353 4150 videntur
1378 4083 1483 4148 fructu

378 4188 501 4253 laboris
516 4192 576 4268 sui,
591 4193 683 4274 quod
699 4191 876 4256 conatibus
907 4190 1041 4255 Nostris
1064 4208 1193 4253 moram
1220 4200 1323 4272 atque
1344 4185 1484 4271 impedi-

379 4305 493 4357 menta
524 4293 644 4360 inferre
670 4296 810 4378 possint,
841 4317 880 4361 ac
912 4294 1048 4360 salutari
1079 4293 1242 4359 obsistere
1271 4291 1484 4377 propensioni
