<?xml version="1.0" encoding="UTF-8"?>
<!DOCTYPE html PUBLIC "-//W3C//DTD XHTML 1.0 Transitional//EN"
    "http://www.w3.org/TR/xhtml1/DTD/xhtml1-transitional.dtd">
<html xmlns="http://www.w3.org/1999/xhtml" xml:lang="en" lang="en">
 <head>
  <title>
</title>
<meta http-equiv="Content-Type" content="text/html;charset=utf-8" />
  <meta name='ocr-system' content='tesseract 3.04.00' />
  <meta name='ocr-capabilities' content='ocr_page ocr_carea ocr_par ocr_line ocrx_word'/>
</head>
<body>
  <div class='ocr_page' id='page_1' title='image "./sanctissimidomi01xiiigoog_0226.png"; bbox 0 0 3222 4888; ppageno 0'>
   <div class='ocr_carea' id='block_1_1' title="bbox 310 313 1202 379">
    <p class='ocr_par' dir='ltr' id='par_1_1' title="bbox 310 313 1202 379">
     <span class='ocr_line' id='line_1_1' title="bbox 310 313 1202 379; baseline -0.002 -17"><span class='ocrx_word' id='word_1_1' title='bbox 310 313 360 362; x_wconf 80' lang='lat' dir='ltr'>DE</span> <span class='ocrx_word' id='word_1_2' title='bbox 388 313 539 364; x_wconf 84' lang='lat' dir='ltr'>STUDIIS</span> <span class='ocrx_word' id='word_1_3' title='bbox 567 313 803 364; x_wconf 80' lang='lat' dir='ltr'><strong>SCRIPTURAE</strong></span> <span class='ocrx_word' id='word_1_4' title='bbox 831 313 985 364; x_wconf 78' lang='lat' dir='ltr'><strong>SACRAE.</strong></span> <span class='ocrx_word' id='word_1_5' title='bbox 1131 313 1202 379; x_wconf 86' lang='lat'>219</span> 
     </span>
    </p>
   </div>
   <div class='ocr_carea' id='block_1_2' title="bbox 55 459 1389 4074">
    <p class='ocr_par' dir='ltr' id='par_1_2' title="bbox 55 459 1385 2314">
     <span class='ocr_line' id='line_1_2' title="bbox 94 459 1328 550; baseline -0.001 -28"><span class='ocrx_word' id='word_1_6' title='bbox 94 469 260 540; x_wconf 91' lang='lat' dir='ltr'>quantum</span> <span class='ocrx_word' id='word_1_7' title='bbox 276 462 319 524; x_wconf 88' lang='lat' dir='ltr'>ad</span> <span class='ocrx_word' id='word_1_8' title='bbox 337 462 588 542; x_wconf 84' lang='lat' dir='ltr'>percipiendam</span> <span class='ocrx_word' id='word_1_9' title='bbox 605 461 727 524; x_wconf 90' lang='lat' dir='ltr'>summi</span> <span class='ocrx_word' id='word_1_10' title='bbox 744 459 895 524; x_wconf 86' lang='lat' dir='ltr'>Artificis</span> <span class='ocrx_word' id='word_1_11' title='bbox 910 461 1050 547; x_wconf 84' lang='lat' dir='ltr'>gloriam</span> <span class='ocrx_word' id='word_1_12' title='bbox 1069 459 1101 522; x_wconf 92' lang='lat' dir='ltr'>in</span> <span class='ocrx_word' id='word_1_13' title='bbox 1128 479 1204 540; x_wconf 91' lang='lat' dir='ltr'>pro·</span> <span class='ocrx_word' id='word_1_14' title='bbox 1295 504 1328 550; x_wconf 64' lang='lat'>,8</span> 
     </span>
     <span class='ocr_line' id='line_1_3' title="bbox 96 562 1343 678; baseline 0.001 -55"><span class='ocrx_word' id='word_1_15' title='bbox 96 562 216 624; x_wconf 88' lang='lat' dir='ltr'>creatis</span> <span class='ocrx_word' id='word_1_16' title='bbox 233 563 332 628; x_wconf 87' lang='lat' dir='ltr'>rebus</span> <span class='ocrx_word' id='word_1_17' title='bbox 348 565 546 646; x_wconf 87' lang='lat' dir='ltr'>impressam</span> <span class='ocrx_word' id='word_1_18' title='bbox 564 565 738 646; x_wconf 88' lang='lat' dir='ltr'>aptissima</span> <span class='ocrx_word' id='word_1_19' title='bbox 749 573 810 643; x_wconf 90' lang='lat' dir='ltr'>est,</span> <span class='ocrx_word' id='word_1_20' title='bbox 826 565 928 628; x_wconf 90' lang='lat' dir='ltr'>modo</span> <span class='ocrx_word' id='word_1_21' title='bbox 944 565 987 626; x_wconf 90' lang='lat' dir='ltr'>sit</span> <span class='ocrx_word' id='word_1_22' title='bbox 1003 564 1203 629; x_wconf 91' lang='lat' dir='ltr'>convenien-</span> <span class='ocrx_word' id='word_1_23' title='bbox 1269 563 1343 678; x_wconf 44' lang='grc' dir='ltr'>Ϋξφζ</span> 
     </span>
     <span class='ocr_line' id='line_1_4' title="bbox 95 651 1342 750; baseline 0.001 -22"><span class='ocrx_word' id='word_1_24' title='bbox 95 677 148 729; x_wconf 89' lang='lat' dir='ltr'>ter</span> <span class='ocrx_word' id='word_1_25' title='bbox 163 669 344 750; x_wconf 90' lang='lat' dir='ltr'>proposita,</span> <span class='ocrx_word' id='word_1_26' title='bbox 356 678 487 734; x_wconf 90' lang='lat' dir='ltr'>tantum</span> <span class='ocrx_word' id='word_1_27' title='bbox 501 689 599 750; x_wconf 91' lang='lat' dir='ltr'>posse</span> <span class='ocrx_word' id='word_1_28' title='bbox 615 669 657 732; x_wconf 92' lang='lat' dir='ltr'>ad</span> <span class='ocrx_word' id='word_1_29' title='bbox 671 668 837 732; x_wconf 85' lang='lat' dir='ltr'>elementa</span> <span class='ocrx_word' id='word_1_30' title='bbox 853 687 955 731; x_wconf 87' lang='lat' dir='ltr'>sanae</span> <span class='ocrx_word' id='word_1_31' title='bbox 971 665 1204 750; x_wconf 85' lang='lat' dir='ltr'>philosophiae</span> <span class='ocrx_word' id='word_1_32' title='bbox 1336 651 1342 664; x_wconf 77' lang='grc'><strong>’</strong></span> 
     </span>
     <span class='ocr_line' id='line_1_5' title="bbox 55 769 1382 895; baseline 0.002 -64"><span class='ocrx_word' id='word_1_33' title='bbox 55 807 57 812; x_wconf 93' lang='lat'><em>·</em></span> <span class='ocrx_word' id='word_1_34' title='bbox 95 769 272 835; x_wconf 89' lang='lat' dir='ltr'>evellenda</span> <span class='ocrx_word' id='word_1_35' title='bbox 287 775 616 855; x_wconf 88' lang='lat' dir='ltr'>corrumpendosque</span> <span class='ocrx_word' id='word_1_36' title='bbox 640 793 758 850; x_wconf 91' lang='lat' dir='ltr'>mores,</span> <span class='ocrx_word' id='word_1_37' title='bbox 774 772 897 834; x_wconf 90' lang='lat' dir='ltr'>teneris</span> <span class='ocrx_word' id='word_1_38' title='bbox 913 771 1034 834; x_wconf 87' lang='lat' dir='ltr'>animis</span> <span class='ocrx_word' id='word_1_39' title='bbox 1050 789 1204 851; x_wconf 86' lang='lat' dir='ltr'>perverse</span> <span class='ocrx_word' id='word_1_40' title='bbox 1230 831 1291 880; x_wconf 76' lang='lat' dir='ltr'>Illos</span> <span class='ocrx_word' id='word_1_41' title='bbox 1311 830 1382 895; x_wconf 75' lang='lat' dir='ltr'>resel-</span> 
     </span>
     <span class='ocr_line' id='line_1_6' title="bbox 95 873 1384 960; baseline -0.001 -25"><span class='ocrx_word' id='word_1_42' title='bbox 95 873 252 938; x_wconf 81' lang='lat' dir='ltr'>infusam.</span> <span class='ocrx_word' id='word_1_43' title='bbox 283 875 498 958; x_wconf 84' lang='lat' dir='ltr'>Quapropter</span> <span class='ocrx_word' id='word_1_44' title='bbox 527 877 720 958; x_wconf 89' lang='lat' dir='ltr'>Scripturae</span> <span class='ocrx_word' id='word_1_45' title='bbox 748 895 861 938; x_wconf 86' lang='lat' dir='ltr'>sacrae</span> <span class='ocrx_word' id='word_1_46' title='bbox 880 875 1021 938; x_wconf 68' lang='lat' dir='ltr'>‘doctori</span> <span class='ocrx_word' id='word_1_47' title='bbox 1052 874 1203 954; x_wconf 83' lang='lat' dir='ltr'>cognitio</span> <span class='ocrx_word' id='word_1_48' title='bbox 1229 897 1384 960; x_wconf 67' lang='lat' dir='ltr'>tarSmpru.</span> 
     </span>
     <span class='ocr_line' id='line_1_7' title="bbox 96 961 1381 1092; baseline -0.001 -53"><span class='ocrx_word' id='word_1_49' title='bbox 96 979 298 1042; x_wconf 89' lang='lat' dir='ltr'>naturalium</span> <span class='ocrx_word' id='word_1_50' title='bbox 327 999 438 1042; x_wconf 88' lang='lat' dir='ltr'>rerum</span> <span class='ocrx_word' id='word_1_51' title='bbox 464 981 555 1043; x_wconf 94' lang='lat' dir='ltr'>bono</span> <span class='ocrx_word' id='word_1_52' title='bbox 582 981 644 1042; x_wconf 92' lang='lat' dir='ltr'>erit</span> <span class='ocrx_word' id='word_1_53' title='bbox 672 979 837 1056; x_wconf 89' lang='lat' dir='ltr'>subsidio,</span> <span class='ocrx_word' id='word_1_54' title='bbox 861 997 929 1060; x_wconf 93' lang='lat' dir='ltr'>quo</span> <span class='ocrx_word' id='word_1_55' title='bbox 954 978 1052 1040; x_wconf 91' lang='lat' dir='ltr'>huius</span> <span class='ocrx_word' id='word_1_56' title='bbox 1068 995 1203 1059; x_wconf 89' lang='lat' dir='ltr'>quoque</span> <span class='ocrx_word' id='word_1_57' title='bbox 1225 961 1381 1092; x_wconf 37' lang='lat' dir='ltr'>jaff*</span> 
     </span>
     <span class='ocr_line' id='line_1_8' title="bbox 95 1079 1382 1170; baseline -0.003 -26"><span class='ocrx_word' id='word_1_58' title='bbox 95 1083 189 1145; x_wconf 92' lang='lat' dir='ltr'>modi</span> <span class='ocrx_word' id='word_1_59' title='bbox 205 1082 377 1163; x_wconf 87' lang='lat' dir='ltr'>captiones</span> <span class='ocrx_word' id='word_1_60' title='bbox 393 1084 425 1145; x_wconf 94' lang='lat' dir='ltr'>in</span> <span class='ocrx_word' id='word_1_61' title='bbox 443 1083 575 1146; x_wconf 92' lang='lat' dir='ltr'>divinos</span> <span class='ocrx_word' id='word_1_62' title='bbox 594 1083 713 1147; x_wconf 91' lang='lat' dir='ltr'>Libros</span> <span class='ocrx_word' id='word_1_63' title='bbox 725 1083 904 1144; x_wconf 89' lang='lat' dir='ltr'>instructas</span> <span class='ocrx_word' id='word_1_64' title='bbox 921 1079 1051 1143; x_wconf 82' lang='lat' dir='ltr'>facilius</span> <span class='ocrx_word' id='word_1_65' title='bbox 1067 1081 1205 1159; x_wconf 89' lang='lat' dir='ltr'>detegat</span> <span class='ocrx_word' id='word_1_66' title='bbox 1231 1109 1291 1170; x_wconf 52' lang='grc' dir='ltr'>ψη</span> <span class='ocrx_word' id='word_1_67' title='bbox 1303 1093 1382 1156; x_wconf 76' lang='lat' dir='ltr'>cognt-</span> 
     </span>
     <span class='ocr_line' id='line_1_9' title="bbox 94 1165 1382 1272; baseline -0.002 -27"><span class='ocrx_word' id='word_1_68' title='bbox 94 1195 130 1246; x_wconf 93' lang='lat' dir='ltr'>et</span> <span class='ocrx_word' id='word_1_69' title='bbox 146 1183 283 1249; x_wconf 80' lang='lat' dir='ltr'>refellat.</span> <span class='ocrx_word' id='word_1_70' title='bbox 297 1222 341 1234; x_wconf 93' lang='lat'>—</span> <span class='ocrx_word' id='word_1_71' title='bbox 358 1184 460 1248; x_wconf 88' lang='lat' dir='ltr'>Nulla</span> <span class='ocrx_word' id='word_1_72' title='bbox 482 1187 619 1268; x_wconf 91' lang='lat' dir='ltr'>quidem</span> <span class='ocrx_word' id='word_1_73' title='bbox 648 1183 842 1266; x_wconf 90' lang='lat' dir='ltr'>theologum</span> <span class='ocrx_word' id='word_1_74' title='bbox 860 1185 946 1247; x_wconf 91' lang='lat' dir='ltr'>inter</span> <span class='ocrx_word' id='word_1_75' title='bbox 969 1193 1002 1246; x_wconf 95' lang='lat' dir='ltr'>et</span> <span class='ocrx_word' id='word_1_76' title='bbox 1027 1183 1204 1265; x_wconf 88' lang='lat' dir='ltr'>physicum</span> <span class='ocrx_word' id='word_1_77' title='bbox 1231 1165 1382 1272; x_wconf 50' lang='lat' dir='ltr'><em>mp&#39;as&#39;</em></span> 
     </span>
     <span class='ocr_line' id='line_1_10' title="bbox 96 1284 1383 1380; baseline -0.001 -31"><span class='ocrx_word' id='word_1_78' title='bbox 96 1307 177 1350; x_wconf 88' lang='lat' dir='ltr'>vera</span> <span class='ocrx_word' id='word_1_79' title='bbox 206 1287 371 1352; x_wconf 92' lang='lat' dir='ltr'>dissensio</span> <span class='ocrx_word' id='word_1_80' title='bbox 397 1290 629 1366; x_wconf 88' lang='lat' dir='ltr'>intercesserit,</span> <span class='ocrx_word' id='word_1_81' title='bbox 656 1291 737 1352; x_wconf 91' lang='lat' dir='ltr'>dum</span> <span class='ocrx_word' id='word_1_82' title='bbox 765 1288 835 1350; x_wconf 90' lang='lat' dir='ltr'>suis</span> <span class='ocrx_word' id='word_1_83' title='bbox 862 1299 1002 1370; x_wconf 90' lang='lat' dir='ltr'>uterque</span> <span class='ocrx_word' id='word_1_84' title='bbox 1024 1284 1145 1350; x_wconf 83' lang='lat' dir='ltr'>finibus</span> <span class='ocrx_word' id='word_1_85' title='bbox 1170 1307 1207 1349; x_wconf 89' lang='lat' dir='ltr'>se</span> <span class='ocrx_word' id='word_1_86' title='bbox 1271 1287 1383 1380; x_wconf 28' lang='lat' dir='ltr'>&#39;mulla</span> 
     </span>
     <span class='ocr_line' id='line_1_11' title="bbox 97 1353 1368 1473; baseline 0.001 -20"><span class='ocrx_word' id='word_1_87' title='bbox 97 1392 303 1470; x_wconf 89' lang='lat' dir='ltr'>contineant,</span> <span class='ocrx_word' id='word_1_88' title='bbox 320 1395 353 1458; x_wconf 94' lang='lat' dir='ltr'>id</span> <span class='ocrx_word' id='word_1_89' title='bbox 370 1405 537 1472; x_wconf 86' lang='lat' dir='ltr'>caventes,</span> <span class='ocrx_word' id='word_1_90' title='bbox 560 1395 744 1457; x_wconf 89' lang='lat' dir='ltr'>secundum</span> <span class='ocrx_word' id='word_1_91' title='bbox 762 1391 795 1456; x_wconf 88' lang='lat' dir='ltr'>S.</span> <span class='ocrx_word' id='word_1_92' title='bbox 821 1393 1005 1473; x_wconf 83' lang='lat' dir='ltr'>Augustini</span> <span class='ocrx_word' id='word_1_93' title='bbox 1030 1393 1207 1470; x_wconf 90' lang='lat' dir='ltr'>monitum,</span> <span class='ocrx_word' id='word_1_94' title='bbox 1231 1353 1368 1467; x_wconf 49' lang='lat' dir='ltr'>laeswe</span> 
     </span>
     <span class='ocr_line' id='line_1_12' title="bbox 98 1485 1382 1599; baseline -0.005 -35"><span class='ocrx_word' id='word_1_95' title='bbox 98 1509 120 1564; x_wconf 80' lang='lat' dir='ltr'>t</span> <span class='ocrx_word' id='word_1_96' title='bbox 151 1516 193 1559; x_wconf 87' lang='lat' dir='ltr'>ne</span> <span class='ocrx_word' id='word_1_97' title='bbox 223 1497 349 1580; x_wconf 89' lang='lat' dir='ltr'>aliquid</span> <span class='ocrx_word' id='word_1_98' title='bbox 380 1507 506 1564; x_wconf 88' lang='lat' dir='ltr'>temere</span> <span class='ocrx_word' id='word_1_99' title='bbox 535 1508 569 1562; x_wconf 89' lang='lat' dir='ltr'>et</span> <span class='ocrx_word' id='word_1_100' title='bbox 611 1500 823 1580; x_wconf 89' lang='lat' dir='ltr'>incognitum</span> <span class='ocrx_word' id='word_1_101' title='bbox 855 1517 916 1580; x_wconf 91' lang='lat' dir='ltr'>pro</span> <span class='ocrx_word' id='word_1_102' title='bbox 946 1497 1085 1578; x_wconf 88' lang='lat' dir='ltr'>cognito</span> <span class='ocrx_word' id='word_1_103' title='bbox 1115 1515 1204 1558; x_wconf 90' lang='lat' dir='ltr'>asse·</span> <span class='ocrx_word' id='word_1_104' title='bbox 1227 1485 1382 1599; x_wconf 45' lang='lat' dir='ltr'>ffl‘stjl‘stff·</span> 
     </span>
     <span class='ocr_line' id='line_1_13' title="bbox 98 1565 1385 1691; baseline 0 -29"><span class='ocrx_word' id='word_1_105' title='bbox 98 1613 175 1663; x_wconf 90' lang='lat' dir='ltr'>rant</span> <span class='ocrx_word' id='word_1_106' title='bbox 191 1597 243 1682; x_wconf 61' lang='grc' dir='ltr'>(Ι).</span> <span class='ocrx_word' id='word_1_107' title='bbox 260 1613 278 1668; x_wconf 76' lang='lat' dir='ltr'>l</span> <span class='ocrx_word' id='word_1_108' title='bbox 296 1601 356 1666; x_wconf 92' lang='lat' dir='ltr'>Sin</span> <span class='ocrx_word' id='word_1_109' title='bbox 373 1611 486 1666; x_wconf 91' lang='lat' dir='ltr'>tamen</span> <span class='ocrx_word' id='word_1_110' title='bbox 503 1603 730 1677; x_wconf 89' lang='lat' dir='ltr'>dissenserint,</span> <span class='ocrx_word' id='word_1_111' title='bbox 755 1598 1042 1684; x_wconf 86' lang='lat' dir='ltr'>quemadmodum</span> <span class='ocrx_word' id='word_1_112' title='bbox 1060 1618 1096 1661; x_wconf 89' lang='lat' dir='ltr'>se</span> <span class='ocrx_word' id='word_1_113' title='bbox 1112 1607 1207 1681; x_wconf 87' lang='lat' dir='ltr'>gerat</span> <span class='ocrx_word' id='word_1_114' title='bbox 1232 1565 1385 1691; x_wconf 50' lang='lat' dir='ltr'>15„ka</span> 
     </span>
     <span class='ocr_line' id='line_1_14' title="bbox 97 1703 1352 1795; baseline -0.002 -27"><span class='ocrx_word' id='word_1_115' title='bbox 97 1704 287 1788; x_wconf 90' lang='lat' dir='ltr'>theologus,</span> <span class='ocrx_word' id='word_1_116' title='bbox 302 1709 496 1770; x_wconf 88' lang='lat' dir='ltr'>summatim</span> <span class='ocrx_word' id='word_1_117' title='bbox 514 1717 566 1770; x_wconf 91' lang='lat' dir='ltr'>est</span> <span class='ocrx_word' id='word_1_118' title='bbox 582 1707 697 1790; x_wconf 91' lang='lat' dir='ltr'>regula</span> <span class='ocrx_word' id='word_1_119' title='bbox 710 1709 753 1770; x_wconf 91' lang='lat' dir='ltr'>ab</span> <span class='ocrx_word' id='word_1_120' title='bbox 776 1709 896 1770; x_wconf 90' lang='lat' dir='ltr'>eodem</span> <span class='ocrx_word' id='word_1_121' title='bbox 910 1706 1045 1772; x_wconf 90' lang='lat' dir='ltr'>oblata:</span> <span class='ocrx_word' id='word_1_122' title='bbox 1065 1719 1083 1772; x_wconf 82' lang='lat' dir='ltr'>t</span> <span class='ocrx_word' id='word_1_123' title='bbox 1099 1703 1207 1788; x_wconf 83' lang='lat' dir='ltr'>Quid·</span> <span class='ocrx_word' id='word_1_124' title='bbox 1232 1747 1352 1795; x_wconf 57' lang='lat' dir='ltr'>dm„</span> 
     </span>
     <span class='ocr_line' id='line_1_15' title="bbox 95 1810 1383 1895; baseline -0.001 -22"><span class='ocrx_word' id='word_1_125' title='bbox 95 1811 190 1894; x_wconf 91' lang='lat' dir='ltr'>quid,</span> <span class='ocrx_word' id='word_1_126' title='bbox 216 1812 334 1894; x_wconf 91' lang='lat' dir='ltr'>inquit,</span> <span class='ocrx_word' id='word_1_127' title='bbox 358 1811 421 1895; x_wconf 90' lang='lat' dir='ltr'>ipsi</span> <span class='ocrx_word' id='word_1_128' title='bbox 445 1813 488 1876; x_wconf 88' lang='lat' dir='ltr'>de</span> <span class='ocrx_word' id='word_1_129' title='bbox 513 1825 633 1875; x_wconf 92' lang='lat' dir='ltr'>natura</span> <span class='ocrx_word' id='word_1_130' title='bbox 656 1832 765 1875; x_wconf 90' lang='lat' dir='ltr'>rerum</span> <span class='ocrx_word' id='word_1_131' title='bbox 794 1812 967 1874; x_wconf 91' lang='lat' dir='ltr'>veracibus</span> <span class='ocrx_word' id='word_1_132' title='bbox 993 1810 1206 1874; x_wconf 88' lang='lat' dir='ltr'>documentis</span> <span class='ocrx_word' id='word_1_133' title='bbox 1224 1811 1383 1876; x_wconf 67' lang='lat' dir='ltr'>fremores,</span> 
     </span>
     <span class='ocr_line' id='line_1_16' title="bbox 97 1878 1353 2005; baseline -0.002 -27"><span class='ocrx_word' id='word_1_134' title='bbox 97 1915 331 1980; x_wconf 87' lang='lat' dir='ltr'>demonstrare</span> <span class='ocrx_word' id='word_1_135' title='bbox 363 1918 544 1998; x_wconf 89' lang='lat' dir='ltr'>potuerint,</span> <span class='ocrx_word' id='word_1_136' title='bbox 570 1917 790 1980; x_wconf 88' lang='lat' dir='ltr'>ostendamus</span> <span class='ocrx_word' id='word_1_137' title='bbox 822 1915 944 1980; x_wconf 85' lang='lat' dir='ltr'>nostris</span> <span class='ocrx_word' id='word_1_138' title='bbox 976 1913 1113 1978; x_wconf 87' lang='lat' dir='ltr'>Litteris</span> <span class='ocrx_word' id='word_1_139' title='bbox 1139 1933 1205 1976; x_wconf 92' lang='lat' dir='ltr'>non</span> <span class='ocrx_word' id='word_1_140' title='bbox 1231 1878 1353 2005; x_wconf 44' lang='lat' dir='ltr'>,afim</span> 
     </span>
     <span class='ocr_line' id='line_1_17' title="bbox 97 2010 1345 2123; baseline -0.003 -40"><span class='ocrx_word' id='word_1_141' title='bbox 97 2040 173 2084; x_wconf 85' lang='lat' dir='ltr'>esse</span> <span class='ocrx_word' id='word_1_142' title='bbox 185 2023 389 2086; x_wconf 89' lang='lat' dir='ltr'>contrarium</span> <span class='ocrx_word' id='word_1_143' title='bbox 406 2043 414 2100; x_wconf 92' lang='lat'>;</span> <span class='ocrx_word' id='word_1_144' title='bbox 429 2023 593 2104; x_wconf 90' lang='lat' dir='ltr'>quidquid</span> <span class='ocrx_word' id='word_1_145' title='bbox 610 2032 723 2084; x_wconf 91' lang='lat' dir='ltr'>autem</span> <span class='ocrx_word' id='word_1_146' title='bbox 741 2023 783 2085; x_wconf 92' lang='lat' dir='ltr'>de</span> <span class='ocrx_word' id='word_1_147' title='bbox 806 2019 1012 2102; x_wconf 90' lang='lat' dir='ltr'>quibuslibet</span> <span class='ocrx_word' id='word_1_148' title='bbox 1029 2020 1097 2082; x_wconf 91' lang='lat' dir='ltr'>suis</span> <span class='ocrx_word' id='word_1_149' title='bbox 1113 2017 1206 2081; x_wconf 89' lang='lat' dir='ltr'>volu·</span> <span class='ocrx_word' id='word_1_150' title='bbox 1232 2010 1260 2123; x_wconf 53' lang='lat' dir='ltr'>§a</span> <span class='ocrx_word' id='word_1_151' title='bbox 1275 2011 1345 2122; x_wconf 50' lang='lat'>5135}</span> 
     </span>
     <span class='ocr_line' id='line_1_18' title="bbox 100 2090 1353 2201; baseline -0.003 -13"><span class='ocrx_word' id='word_1_152' title='bbox 100 2126 248 2190; x_wconf 91' lang='lat' dir='ltr'>minibus</span> <span class='ocrx_word' id='word_1_153' title='bbox 264 2127 316 2189; x_wconf 92' lang='lat' dir='ltr'>his</span> <span class='ocrx_word' id='word_1_154' title='bbox 332 2127 455 2190; x_wconf 91' lang='lat' dir='ltr'>nostris</span> <span class='ocrx_word' id='word_1_155' title='bbox 484 2127 630 2200; x_wconf 91' lang='lat' dir='ltr'>Litteris,</span> <span class='ocrx_word' id='word_1_156' title='bbox 658 2128 744 2190; x_wconf 89' lang='lat' dir='ltr'>idest</span> <span class='ocrx_word' id='word_1_157' title='bbox 769 2125 956 2189; x_wconf 88' lang='lat' dir='ltr'>catholicae</span> <span class='ocrx_word' id='word_1_158' title='bbox 972 2122 1059 2201; x_wconf 84' lang='lat' dir='ltr'>fidei,</span> <span class='ocrx_word' id='word_1_159' title='bbox 1075 2133 1207 2186; x_wconf 89' lang='lat' dir='ltr'>contra·</span> <span class='ocrx_word' id='word_1_160' title='bbox 1256 2090 1273 2138; x_wconf 58' lang='lat' dir='ltr'><em>g</em></span> <span class='ocrx_word' id='word_1_161' title='bbox 1347 2109 1353 2122; x_wconf 80' lang='lat'>&#39;</span> 
     </span>
     <span class='ocr_line' id='line_1_19' title="bbox 99 2229 1209 2314; baseline -0.005 -20"><span class='ocrx_word' id='word_1_162' title='bbox 99 2231 187 2294; x_wconf 88' lang='lat' dir='ltr'>rium</span> <span class='ocrx_word' id='word_1_163' title='bbox 213 2231 421 2313; x_wconf 90' lang='lat' dir='ltr'>protulerint,</span> <span class='ocrx_word' id='word_1_164' title='bbox 444 2240 502 2294; x_wconf 92' lang='lat' dir='ltr'>aut</span> <span class='ocrx_word' id='word_1_165' title='bbox 527 2231 639 2314; x_wconf 89' lang='lat' dir='ltr'>aliqua</span> <span class='ocrx_word' id='word_1_166' title='bbox 666 2233 767 2294; x_wconf 84' lang='lat' dir='ltr'>etiarn</span> <span class='ocrx_word' id='word_1_167' title='bbox 797 2229 956 2294; x_wconf 78' lang='lat' dir='ltr'>facultate</span> <span class='ocrx_word' id='word_1_168' title='bbox 980 2229 1209 2303; x_wconf 89' lang='lat' dir='ltr'>ostendamus,</span> 
     </span>
    </p>

    <p class='ocr_par' dir='ltr' id='par_1_3' title="bbox 98 2329 1387 3038">
     <span class='ocr_line' id='line_1_20' title="bbox 98 2329 1384 2415; baseline -0.005 -19"><span class='ocrx_word' id='word_1_169' title='bbox 98 2343 161 2396; x_wconf 89' lang='lat' dir='ltr'>aut</span> <span class='ocrx_word' id='word_1_170' title='bbox 176 2333 268 2396; x_wconf 91' lang='lat' dir='ltr'>nulla</span> <span class='ocrx_word' id='word_1_171' title='bbox 280 2334 491 2397; x_wconf 88' lang='lat' dir='ltr'>dubitatione</span> <span class='ocrx_word' id='word_1_172' title='bbox 507 2335 682 2396; x_wconf 89' lang='lat' dir='ltr'>credamus</span> <span class='ocrx_word' id='word_1_173' title='bbox 698 2351 771 2395; x_wconf 88' lang='lat' dir='ltr'>esse</span> <span class='ocrx_word' id='word_1_174' title='bbox 798 2333 1014 2396; x_wconf 83' lang='lat' dir='ltr'>falsissimum</span> <span class='ocrx_word' id='word_1_175' title='bbox 1032 2329 1083 2413; x_wconf 76' lang='lat'><strong>(2).</strong></span> <span class='ocrx_word' id='word_1_176' title='bbox 1106 2343 1123 2396; x_wconf 85' lang='lat' dir='ltr'>l&gt;</span> <span class='ocrx_word' id='word_1_177' title='bbox 1156 2329 1209 2392; x_wconf 93' lang='lat' dir='ltr'>De</span> <span class='ocrx_word' id='word_1_178' title='bbox 1288 2339 1342 2415; x_wconf 34' lang='lat' dir='ltr'>&#39;Res</span> <span class='ocrx_word' id='word_1_179' title='bbox 1355 2339 1384 2386; x_wconf 80' lang='lat' dir='ltr'>in</span> 
     </span>
     <span class='ocr_line' id='line_1_21' title="bbox 100 2405 1369 2521; baseline 0.003 -21"><span class='ocrx_word' id='word_1_180' title='bbox 100 2436 196 2502; x_wconf 90' lang='lat' dir='ltr'>cuius</span> <span class='ocrx_word' id='word_1_181' title='bbox 212 2438 382 2520; x_wconf 89' lang='lat' dir='ltr'>aequitate</span> <span class='ocrx_word' id='word_1_182' title='bbox 398 2437 533 2521; x_wconf 88' lang='lat' dir='ltr'>regulae</span> <span class='ocrx_word' id='word_1_183' title='bbox 549 2439 582 2500; x_wconf 93' lang='lat' dir='ltr'>in</span> <span class='ocrx_word' id='word_1_184' title='bbox 596 2439 864 2501; x_wconf 90' lang='lat' dir='ltr'>consideratione</span> <span class='ocrx_word' id='word_1_185' title='bbox 877 2439 919 2501; x_wconf 91' lang='lat' dir='ltr'>sit</span> <span class='ocrx_word' id='word_1_186' title='bbox 936 2439 1091 2519; x_wconf 90' lang='lat' dir='ltr'>primum,</span> <span class='ocrx_word' id='word_1_187' title='bbox 1107 2435 1207 2516; x_wconf 91' lang='lat' dir='ltr'>scrip·</span> <span class='ocrx_word' id='word_1_188' title='bbox 1235 2405 1369 2518; x_wconf 49' lang='lat' dir='ltr'>ml?</span> 
     </span>
     <span class='ocr_line' id='line_1_22' title="bbox 100 2535 1374 2648; baseline -0.003 -44"><span class='ocrx_word' id='word_1_189' title='bbox 100 2550 193 2604; x_wconf 88' lang='lat' dir='ltr'>tores</span> <span class='ocrx_word' id='word_1_190' title='bbox 208 2561 327 2618; x_wconf 88' lang='lat' dir='ltr'>sacros,</span> <span class='ocrx_word' id='word_1_191' title='bbox 343 2561 401 2605; x_wconf 90' lang='lat' dir='ltr'>seu</span> <span class='ocrx_word' id='word_1_192' title='bbox 418 2542 526 2604; x_wconf 88' lang='lat' dir='ltr'>verius</span> <span class='ocrx_word' id='word_1_193' title='bbox 540 2556 558 2609; x_wconf 79' lang='lat' dir='ltr'>t</span> <span class='ocrx_word' id='word_1_194' title='bbox 575 2541 738 2623; x_wconf 90' lang='lat' dir='ltr'>Spiritum</span> <span class='ocrx_word' id='word_1_195' title='bbox 751 2541 825 2618; x_wconf 89' lang='lat' dir='ltr'>Dei,</span> <span class='ocrx_word' id='word_1_196' title='bbox 842 2543 898 2625; x_wconf 93' lang='lat' dir='ltr'>qui</span> <span class='ocrx_word' id='word_1_197' title='bbox 915 2561 973 2623; x_wconf 91' lang='lat' dir='ltr'>per</span> <span class='ocrx_word' id='word_1_198' title='bbox 989 2539 1079 2622; x_wconf 91' lang='lat' dir='ltr'>ipsos</span> <span class='ocrx_word' id='word_1_199' title='bbox 1095 2539 1209 2622; x_wconf 91' lang='lat' dir='ltr'>loque·</span> <span class='ocrx_word' id='word_1_200' title='bbox 1234 2535 1374 2648; x_wconf 41' lang='lat' dir='ltr'>suffitia</span> 
     </span>
     <span class='ocr_line' id='line_1_23' title="bbox 101 2618 1369 2726; baseline -0.006 -17"><span class='ocrx_word' id='word_1_201' title='bbox 101 2646 210 2722; x_wconf 88' lang='lat' dir='ltr'>batur,</span> <span class='ocrx_word' id='word_1_202' title='bbox 247 2645 393 2708; x_wconf 90' lang='lat' dir='ltr'>noluisse</span> <span class='ocrx_word' id='word_1_203' title='bbox 423 2645 488 2708; x_wconf 91' lang='lat' dir='ltr'>ista</span> <span class='ocrx_word' id='word_1_204' title='bbox 530 2645 702 2725; x_wconf 86' lang='lat' dir='ltr'>(videlicet</span> <span class='ocrx_word' id='word_1_205' title='bbox 742 2646 897 2708; x_wconf 85' lang='lat' dir='ltr'>intimam</span> <span class='ocrx_word' id='word_1_206' title='bbox 926 2643 1207 2726; x_wconf 86' lang='lat' dir='ltr'>adspectabilium</span> <span class='ocrx_word' id='word_1_207' title='bbox 1234 2618 1369 2714; x_wconf 47' lang='lat' dir='ltr'>liguum.</span> 
     </span>
     <span class='ocr_line' id='line_1_24' title="bbox 100 2730 1387 2846; baseline -0.001 -35"><span class='ocrx_word' id='word_1_208' title='bbox 100 2766 212 2811; x_wconf 89' lang='lat' dir='ltr'>rerum</span> <span class='ocrx_word' id='word_1_209' title='bbox 228 2747 520 2830; x_wconf 84' lang='lat' dir='ltr'>constitutionem)</span> <span class='ocrx_word' id='word_1_210' title='bbox 535 2751 656 2814; x_wconf 89' lang='lat' dir='ltr'>docere</span> <span class='ocrx_word' id='word_1_211' title='bbox 678 2749 843 2825; x_wconf 91' lang='lat' dir='ltr'>homines,</span> <span class='ocrx_word' id='word_1_212' title='bbox 871 2749 952 2811; x_wconf 91' lang='lat' dir='ltr'>nulli</span> <span class='ocrx_word' id='word_1_213' title='bbox 980 2747 1080 2811; x_wconf 88' lang='lat' dir='ltr'>saluti</span> <span class='ocrx_word' id='word_1_214' title='bbox 1098 2746 1209 2829; x_wconf 89' lang='lat' dir='ltr'>prol&#39;u·</span> <span class='ocrx_word' id='word_1_215' title='bbox 1235 2730 1387 2846; x_wconf 47' lang='lat' dir='ltr'>J&#39;Jss‘gfs‘r‘</span> 
     </span>
     <span class='ocr_line' id='line_1_25' title="bbox 100 2832 1321 2934; baseline -0.002 -16"><span class='ocrx_word' id='word_1_216' title='bbox 100 2864 178 2918; x_wconf 90' lang='lat' dir='ltr'>tura</span> <span class='ocrx_word' id='word_1_217' title='bbox 193 2849 268 2934; x_wconf 76' lang='lat'>(³))&gt;</span> <span class='ocrx_word' id='word_1_218' title='bbox 288 2873 296 2930; x_wconf 92' lang='lat'>;</span> <span class='ocrx_word' id='word_1_219' title='bbox 311 2872 414 2934; x_wconf 89' lang='lat' dir='ltr'>quare</span> <span class='ocrx_word' id='word_1_220' title='bbox 429 2873 498 2930; x_wconf 90' lang='lat' dir='ltr'>eos,</span> <span class='ocrx_word' id='word_1_221' title='bbox 514 2853 745 2934; x_wconf 91' lang='lat' dir='ltr'>potiusquam</span> <span class='ocrx_word' id='word_1_222' title='bbox 770 2853 1041 2934; x_wconf 88' lang='lat' dir='ltr'>explorationem</span> <span class='ocrx_word' id='word_1_223' title='bbox 1069 2863 1209 2915; x_wconf 90' lang='lat' dir='ltr'>naturae</span> <span class='ocrx_word' id='word_1_224' title='bbox 1316 2832 1321 2846; x_wconf 55' lang='lat'>⁸</span> 
     </span>
     <span class='ocr_line' id='line_1_26' title="bbox 100 2955 1209 3038; baseline -0.002 -18"><span class='ocrx_word' id='word_1_225' title='bbox 100 2965 193 3020; x_wconf 89' lang='lat' dir='ltr'>recta</span> <span class='ocrx_word' id='word_1_226' title='bbox 204 2965 508 3037; x_wconf 89' lang='lat' dir='ltr'>persequantur,res</span> <span class='ocrx_word' id='word_1_227' title='bbox 520 2956 610 3037; x_wconf 92' lang='lat' dir='ltr'>ipsas</span> <span class='ocrx_word' id='word_1_228' title='bbox 623 2955 807 3038; x_wconf 92' lang='lat' dir='ltr'>aliquando</span> <span class='ocrx_word' id='word_1_229' title='bbox 818 2957 1005 3019; x_wconf 89' lang='lat' dir='ltr'>describere</span> <span class='ocrx_word' id='word_1_230' title='bbox 1021 2966 1054 3019; x_wconf 88' lang='lat' dir='ltr'>et</span> <span class='ocrx_word' id='word_1_231' title='bbox 1066 2965 1209 3019; x_wconf 86' lang='lat' dir='ltr'>tractare</span> 
     </span>
    </p>

    <p class='ocr_par' dir='ltr' id='par_1_4' title="bbox 99 3058 1211 3140">
     <span class='ocr_line' id='line_1_27' title="bbox 99 3058 1211 3140; baseline -0.003 -17"><span class='ocrx_word' id='word_1_232' title='bbox 99 3068 162 3123; x_wconf 88' lang='lat' dir='ltr'>aut</span> <span class='ocrx_word' id='word_1_233' title='bbox 178 3061 325 3140; x_wconf 89' lang='lat' dir='ltr'>quodam</span> <span class='ocrx_word' id='word_1_234' title='bbox 342 3059 572 3122; x_wconf 86' lang='lat' dir='ltr'>translationis</span> <span class='ocrx_word' id='word_1_235' title='bbox 590 3061 703 3134; x_wconf 93' lang='lat' dir='ltr'>modo,</span> <span class='ocrx_word' id='word_1_236' title='bbox 719 3069 777 3121; x_wconf 91' lang='lat' dir='ltr'>aut</span> <span class='ocrx_word' id='word_1_237' title='bbox 793 3059 878 3121; x_wconf 90' lang='lat' dir='ltr'>sicut</span> <span class='ocrx_word' id='word_1_238' title='bbox 896 3058 1084 3122; x_wconf 92' lang='lat' dir='ltr'>communis</span> <span class='ocrx_word' id='word_1_239' title='bbox 1100 3079 1211 3121; x_wconf 90' lang='lat' dir='ltr'>sermo</span> 
     </span>
    </p>

    <p class='ocr_par' dir='ltr' id='par_1_5' title="bbox 99 3159 1211 3347">
     <span class='ocr_line' id='line_1_28' title="bbox 100 3159 1210 3245; baseline 0 -22"><span class='ocrx_word' id='word_1_240' title='bbox 100 3181 162 3244; x_wconf 90' lang='lat' dir='ltr'>per</span> <span class='ocrx_word' id='word_1_241' title='bbox 177 3181 217 3224; x_wconf 90' lang='lat' dir='ltr'>ea</span> <span class='ocrx_word' id='word_1_242' title='bbox 244 3159 372 3224; x_wconf 84' lang='lat' dir='ltr'>serebat</span> <span class='ocrx_word' id='word_1_243' title='bbox 398 3169 560 3243; x_wconf 90' lang='lat' dir='ltr'>tempora,</span> <span class='ocrx_word' id='word_1_244' title='bbox 584 3163 752 3245; x_wconf 88' lang='lat' dir='ltr'>hodieque</span> <span class='ocrx_word' id='word_1_245' title='bbox 775 3164 818 3225; x_wconf 91' lang='lat' dir='ltr'>de</span> <span class='ocrx_word' id='word_1_246' title='bbox 835 3164 949 3225; x_wconf 91' lang='lat' dir='ltr'>multis</span> <span class='ocrx_word' id='word_1_247' title='bbox 976 3161 1039 3226; x_wconf 86' lang='lat' dir='ltr'>fert</span> <span class='ocrx_word' id='word_1_248' title='bbox 1055 3162 1154 3225; x_wconf 91' lang='lat' dir='ltr'>rebus</span> <span class='ocrx_word' id='word_1_249' title='bbox 1178 3163 1210 3224; x_wconf 92' lang='lat' dir='ltr'>in</span> 
     </span>
     <span class='ocr_line' id='line_1_29' title="bbox 99 3264 1211 3347; baseline 0.001 -21"><span class='ocrx_word' id='word_1_250' title='bbox 99 3264 300 3347; x_wconf 88' lang='lat' dir='ltr'>quotidiana</span> <span class='ocrx_word' id='word_1_251' title='bbox 317 3265 394 3342; x_wconf 88' lang='lat' dir='ltr'>vita,</span> <span class='ocrx_word' id='word_1_252' title='bbox 409 3265 500 3346; x_wconf 80' lang='lat' dir='ltr'>ipsos</span> <span class='ocrx_word' id='word_1_253' title='bbox 517 3265 603 3328; x_wconf 91' lang='lat' dir='ltr'>inter</span> <span class='ocrx_word' id='word_1_254' title='bbox 619 3265 773 3328; x_wconf 92' lang='lat' dir='ltr'>homines</span> <span class='ocrx_word' id='word_1_255' title='bbox 801 3266 1051 3329; x_wconf 81' lang='lat' dir='ltr'>scientissimos</span> <span class='ocrx_word' id='word_1_256' title='bbox 1068 3264 1211 3346; x_wconf 90' lang='lat' dir='ltr'>Vulgari</span> 
     </span>
    </p>

    <p class='ocr_par' dir='ltr' id='par_1_6' title="bbox 98 3365 1211 3452">
     <span class='ocr_line' id='line_1_30' title="bbox 98 3365 1211 3452; baseline -0.003 -20"><span class='ocrx_word' id='word_1_257' title='bbox 98 3381 217 3432; x_wconf 88' lang='lat' dir='ltr'>autern</span> <span class='ocrx_word' id='word_1_258' title='bbox 234 3387 388 3430; x_wconf 85' lang='lat' dir='ltr'>sermone</span> <span class='ocrx_word' id='word_1_259' title='bbox 404 3389 506 3450; x_wconf 93' lang='lat' dir='ltr'>quum</span> <span class='ocrx_word' id='word_1_260' title='bbox 524 3390 563 3432; x_wconf 92' lang='lat' dir='ltr'>ea</span> <span class='ocrx_word' id='word_1_261' title='bbox 580 3371 688 3449; x_wconf 90' lang='lat' dir='ltr'>primo</span> <span class='ocrx_word' id='word_1_262' title='bbox 712 3369 911 3452; x_wconf 88' lang='lat' dir='ltr'>proprieque</span> <span class='ocrx_word' id='word_1_263' title='bbox 928 3365 1108 3430; x_wconf 85' lang='lat' dir='ltr'>efferantur</span> <span class='ocrx_word' id='word_1_264' title='bbox 1125 3387 1211 3450; x_wconf 90' lang='lat' dir='ltr'>quae</span> 
     </span>
    </p>

    <p class='ocr_par' dir='ltr' id='par_1_7' title="bbox 99 3470 1212 3554">
     <span class='ocr_line' id='line_1_31' title="bbox 99 3470 1212 3554; baseline 0.002 -20"><span class='ocrx_word' id='word_1_265' title='bbox 99 3471 226 3535; x_wconf 89' lang='lat' dir='ltr'>cadant</span> <span class='ocrx_word' id='word_1_266' title='bbox 242 3471 305 3534; x_wconf 94' lang='lat' dir='ltr'>sub</span> <span class='ocrx_word' id='word_1_267' title='bbox 321 3492 451 3550; x_wconf 90' lang='lat' dir='ltr'>sensus,</span> <span class='ocrx_word' id='word_1_268' title='bbox 466 3493 533 3535; x_wconf 90' lang='lat' dir='ltr'>non</span> <span class='ocrx_word' id='word_1_269' title='bbox 551 3473 757 3538; x_wconf 88' lang='lat' dir='ltr'>dissimiliter</span> <span class='ocrx_word' id='word_1_270' title='bbox 782 3473 924 3554; x_wconf 89' lang='lat' dir='ltr'>scriptor</span> <span class='ocrx_word' id='word_1_271' title='bbox 941 3492 1033 3552; x_wconf 89' lang='lat' dir='ltr'>sacer</span> <span class='ocrx_word' id='word_1_272' title='bbox 1049 3470 1212 3554; x_wconf 91' lang='lat' dir='ltr'>(monuit-</span> 
     </span>
    </p>

    <p class='ocr_par' dir='ltr' id='par_1_8' title="bbox 100 3574 1213 3762">
     <span class='ocr_line' id='line_1_32' title="bbox 100 3574 1213 3659; baseline 0.001 -21"><span class='ocrx_word' id='word_1_273' title='bbox 100 3595 169 3658; x_wconf 91' lang='lat' dir='ltr'>que</span> <span class='ocrx_word' id='word_1_274' title='bbox 185 3583 219 3639; x_wconf 91' lang='lat' dir='ltr'>et</span> <span class='ocrx_word' id='word_1_275' title='bbox 236 3576 364 3638; x_wconf 91' lang='lat' dir='ltr'>Doctor</span> <span class='ocrx_word' id='word_1_276' title='bbox 381 3574 583 3659; x_wconf 90' lang='lat' dir='ltr'>Angelicus)</span> <span class='ocrx_word' id='word_1_277' title='bbox 597 3589 664 3644; x_wconf 82' lang='lat' dir='ltr'>tea</span> <span class='ocrx_word' id='word_1_278' title='bbox 679 3587 814 3640; x_wconf 89' lang='lat' dir='ltr'>secutus</span> <span class='ocrx_word' id='word_1_279' title='bbox 831 3585 891 3652; x_wconf 87' lang='lat' dir='ltr'>est,</span> <span class='ocrx_word' id='word_1_280' title='bbox 907 3595 994 3658; x_wconf 87' lang='lat' dir='ltr'>quae</span> <span class='ocrx_word' id='word_1_281' title='bbox 1010 3576 1213 3639; x_wconf 89' lang='lat' dir='ltr'>sensibiliter</span> 
     </span>
     <span class='ocr_line' id='line_1_33' title="bbox 101 3675 1211 3762; baseline 0.001 -20"><span class='ocrx_word' id='word_1_282' title='bbox 101 3689 267 3759; x_wconf 89' lang='lat' dir='ltr'>apparent</span> <span class='ocrx_word' id='word_1_283' title='bbox 283 3675 327 3760; x_wconf 81' lang='lat'>(⁴)</span> <span class='ocrx_word' id='word_1_284' title='bbox 342 3692 373 3755; x_wconf 72' lang='lat' dir='ltr'>t,</span> <span class='ocrx_word' id='word_1_285' title='bbox 388 3699 446 3740; x_wconf 91' lang='lat' dir='ltr'>seu</span> <span class='ocrx_word' id='word_1_286' title='bbox 463 3699 551 3762; x_wconf 89' lang='lat' dir='ltr'>quae</span> <span class='ocrx_word' id='word_1_287' title='bbox 576 3679 669 3743; x_wconf 91' lang='lat' dir='ltr'>Deus</span> <span class='ocrx_word' id='word_1_288' title='bbox 695 3681 776 3761; x_wconf 89' lang='lat' dir='ltr'>ipse,</span> <span class='ocrx_word' id='word_1_289' title='bbox 793 3679 947 3744; x_wconf 89' lang='lat' dir='ltr'>homines</span> <span class='ocrx_word' id='word_1_290' title='bbox 963 3680 1145 3762; x_wconf 89' lang='lat' dir='ltr'>alloquens,</span> <span class='ocrx_word' id='word_1_291' title='bbox 1168 3681 1211 3743; x_wconf 92' lang='lat' dir='ltr'>ad</span> 
     </span>
    </p>

    <p class='ocr_par' dir='ltr' id='par_1_9' title="bbox 99 3782 1389 4074">
     <span class='ocr_line' id='line_1_34' title="bbox 99 3782 1389 3867; baseline 0.002 -21"><span class='ocrx_word' id='word_1_292' title='bbox 99 3801 219 3848; x_wconf 89' lang='lat' dir='ltr'>eorum</span> <span class='ocrx_word' id='word_1_293' title='bbox 246 3795 385 3864; x_wconf 89' lang='lat' dir='ltr'>captum</span> <span class='ocrx_word' id='word_1_294' title='bbox 416 3783 619 3866; x_wconf 89' lang='lat' dir='ltr'>significavit</span> <span class='ocrx_word' id='word_1_295' title='bbox 646 3784 796 3846; x_wconf 89' lang='lat' dir='ltr'>humano</span> <span class='ocrx_word' id='word_1_296' title='bbox 820 3803 921 3848; x_wconf 90' lang='lat' dir='ltr'>more.</span> <span class='ocrx_word' id='word_1_297' title='bbox 948 3782 1108 3867; x_wconf 87' lang='lat' dir='ltr'>-Quod</span> <span class='ocrx_word' id='word_1_298' title='bbox 1132 3805 1213 3848; x_wconf 89' lang='lat' dir='ltr'>vero</span> <span class='ocrx_word' id='word_1_299' title='bbox 1272 3801 1389 3851; x_wconf 69' lang='lat' dir='ltr'>Nonam-</span> 
     </span>
     <span class='ocr_line' id='line_1_35' title="bbox 100 3869 1368 3982; baseline 0.001 -32"><span class='ocrx_word' id='word_1_300' title='bbox 100 3885 255 3950; x_wconf 87' lang='lat' dir='ltr'>delensio</span> <span class='ocrx_word' id='word_1_301' title='bbox 272 3885 464 3968; x_wconf 90' lang='lat' dir='ltr'>Scripturae</span> <span class='ocrx_word' id='word_1_302' title='bbox 480 3899 618 3951; x_wconf 89' lang='lat' dir='ltr'>sanctae</span> <span class='ocrx_word' id='word_1_303' title='bbox 634 3888 768 3968; x_wconf 89' lang='lat' dir='ltr'>agenda</span> <span class='ocrx_word' id='word_1_304' title='bbox 791 3895 924 3950; x_wconf 91' lang='lat' dir='ltr'>strenue</span> <span class='ocrx_word' id='word_1_305' title='bbox 941 3897 1001 3962; x_wconf 93' lang='lat' dir='ltr'>est,</span> <span class='ocrx_word' id='word_1_306' title='bbox 1027 3909 1093 3951; x_wconf 93' lang='lat' dir='ltr'>non</span> <span class='ocrx_word' id='word_1_307' title='bbox 1110 3909 1155 3951; x_wconf 88' lang='lat' dir='ltr'>ex</span> <span class='ocrx_word' id='word_1_308' title='bbox 1172 3909 1213 3951; x_wconf 92' lang='lat' dir='ltr'>eo</span> <span class='ocrx_word' id='word_1_309' title='bbox 1239 3869 1368 3982; x_wconf 46' lang='lat' dir='ltr'>Jssns‘z&#39;u,</span> 
     </span>
     <span class='ocr_line' id='line_1_36' title="bbox 100 3993 1212 4074; baseline 0.004 -22"><span class='ocrx_word' id='word_1_310' title='bbox 100 4010 221 4053; x_wconf 88' lang='lat' dir='ltr'>omnes</span> <span class='ocrx_word' id='word_1_311' title='bbox 237 4011 344 4074; x_wconf 88' lang='lat' dir='ltr'>aeque</span> <span class='ocrx_word' id='word_1_312' title='bbox 359 3993 546 4055; x_wconf 89' lang='lat' dir='ltr'>sententiae</span> <span class='ocrx_word' id='word_1_313' title='bbox 569 3993 715 4055; x_wconf 91' lang='lat' dir='ltr'>tuendae</span> <span class='ocrx_word' id='word_1_314' title='bbox 740 4002 828 4068; x_wconf 91' lang='lat' dir='ltr'>sunt,</span> <span class='ocrx_word' id='word_1_315' title='bbox 844 4011 927 4074; x_wconf 87' lang='lat' dir='ltr'>quas</span> <span class='ocrx_word' id='word_1_316' title='bbox 944 3994 1067 4074; x_wconf 88' lang='lat' dir='ltr'>singuli</span> <span class='ocrx_word' id='word_1_317' title='bbox 1094 3994 1212 4056; x_wconf 85' lang='lat' dir='ltr'>Patres</span> 
     </span>
    </p>
   </div>
   <div class='ocr_carea' id='block_1_3' title="bbox 99 4095 1213 4178">
    <p class='ocr_par' dir='ltr' id='par_1_10' title="bbox 99 4095 1213 4178">
     <span class='ocr_line' id='line_1_37' title="bbox 99 4095 1213 4178; baseline 0.001 -20"><span class='ocrx_word' id='word_1_318' title='bbox 99 4104 163 4158; x_wconf 87' lang='lat' dir='ltr'>aut</span> <span class='ocrx_word' id='word_1_319' title='bbox 189 4096 246 4178; x_wconf 86' lang='lat' dir='ltr'>qui</span> <span class='ocrx_word' id='word_1_320' title='bbox 271 4096 430 4178; x_wconf 90' lang='lat' dir='ltr'>deinceps</span> <span class='ocrx_word' id='word_1_321' title='bbox 458 4097 657 4178; x_wconf 88' lang='lat' dir='ltr'>interpretes</span> <span class='ocrx_word' id='word_1_322' title='bbox 684 4096 717 4159; x_wconf 94' lang='lat' dir='ltr'>in</span> <span class='ocrx_word' id='word_1_323' title='bbox 743 4095 862 4159; x_wconf 88' lang='lat' dir='ltr'>eadem</span> <span class='ocrx_word' id='word_1_324' title='bbox 880 4097 1082 4159; x_wconf 88' lang='lat' dir='ltr'>declaranda</span> <span class='ocrx_word' id='word_1_325' title='bbox 1098 4097 1213 4160; x_wconf 92' lang='lat' dir='ltr'>edide-</span> 
     </span>
    </p>
   </div>
   <div class='ocr_carea' id='block_1_4' title="bbox 102 4238 1212 4366">
    <p class='ocr_par' dir='ltr' id='par_1_11' title="bbox 102 4238 1212 4366">
     <span class='ocr_line' id='line_1_38' title="bbox 136 4238 1212 4298; baseline 0.002 -16"><span class='ocrx_word' id='word_1_326' title='bbox 136 4249 156 4282; x_wconf 82' lang='lat'>1.</span> <span class='ocrx_word' id='word_1_327' title='bbox 174 4238 206 4282; x_wconf 77' lang='lat' dir='ltr'>In</span> <span class='ocrx_word' id='word_1_328' title='bbox 219 4238 277 4283; x_wconf 82' lang='lat' dir='ltr'>Gen.</span> <span class='ocrx_word' id='word_1_329' title='bbox 289 4244 323 4296; x_wconf 77' lang='lat' dir='ltr'>op.</span> <span class='ocrx_word' id='word_1_330' title='bbox 341 4238 447 4298; x_wconf 79' lang='lat' dir='ltr'>imperf..</span> <span class='ocrx_word' id='word_1_331' title='bbox 461 4248 498 4292; x_wconf 86' lang='lat' dir='ltr'>tx,</span> <span class='ocrx_word' id='word_1_332' title='bbox 511 4253 547 4298; x_wconf 80' lang='lat'>30·</span> <span class='ocrx_word' id='word_1_333' title='bbox 566 4263 596 4273; x_wconf 89' lang='lat'>—</span> <span class='ocrx_word' id='word_1_334' title='bbox 611 4253 632 4286; x_wconf 77' lang='lat' dir='ltr'>a.</span> <span class='ocrx_word' id='word_1_335' title='bbox 651 4239 688 4284; x_wconf 87' lang='lat' dir='ltr'>De</span> <span class='ocrx_word' id='word_1_336' title='bbox 703 4241 760 4285; x_wconf 82' lang='lat' dir='ltr'>Gen.</span> <span class='ocrx_word' id='word_1_337' title='bbox 774 4239 808 4284; x_wconf 85' lang='lat' dir='ltr'>ad</span> <span class='ocrx_word' id='word_1_338' title='bbox 817 4239 876 4292; x_wconf 79' lang='lat' dir='ltr'>liu..</span> <span class='ocrx_word' id='word_1_339' title='bbox 895 4250 911 4290; x_wconf 88' lang='lat'>1.</span> <span class='ocrx_word' id='word_1_340' title='bbox 925 4253 961 4293; x_wconf 84' lang='lat'>21,</span> <span class='ocrx_word' id='word_1_341' title='bbox 974 4253 1010 4296; x_wconf 80' lang='lat'>41.</span> <span class='ocrx_word' id='word_1_342' title='bbox 1028 4263 1059 4273; x_wconf 92' lang='lat'>-</span> <span class='ocrx_word' id='word_1_343' title='bbox 1073 4253 1094 4297; x_wconf 81' lang='lat'>3.</span> <span class='ocrx_word' id='word_1_344' title='bbox 1113 4239 1137 4284; x_wconf 93' lang='lat' dir='ltr'>S.</span> <span class='ocrx_word' id='word_1_345' title='bbox 1149 4240 1212 4298; x_wconf 79' lang='lat' dir='ltr'>Aug·</span> 
     </span>
     <span class='ocr_line' id='line_1_39' title="bbox 102 4303 886 4366; baseline 0.004 -15"><span class='ocrx_word' id='word_1_346' title='bbox 102 4303 135 4351; x_wconf 75' lang='lat' dir='ltr'>it.</span> <span class='ocrx_word' id='word_1_347' title='bbox 149 4313 178 4358; x_wconf 80' lang='grc' dir='ltr'>ιι,</span> <span class='ocrx_word' id='word_1_348' title='bbox 190 4319 213 4364; x_wconf 89' lang='lat'>9,</span> <span class='ocrx_word' id='word_1_349' title='bbox 226 4319 263 4352; x_wconf 83' lang='lat'>20.</span> <span class='ocrx_word' id='word_1_350' title='bbox 277 4328 307 4340; x_wconf 91' lang='lat'>-·</span> <span class='ocrx_word' id='word_1_351' title='bbox 321 4319 342 4363; x_wconf 79' lang='lat'><em>4</em></span> <span class='ocrx_word' id='word_1_352' title='bbox 361 4306 464 4352; x_wconf 81' lang='lat' dir='ltr'>Summa</span> <span class='ocrx_word' id='word_1_353' title='bbox 480 4308 558 4360; x_wconf 76' lang='lat' dir='ltr'>theol..</span> <span class='ocrx_word' id='word_1_354' title='bbox 571 4319 593 4365; x_wconf 84' lang='lat' dir='ltr'>p.</span> <span class='ocrx_word' id='word_1_355' title='bbox 608 4315 626 4360; x_wconf 82' lang='grc' dir='ltr'>ι,</span> <span class='ocrx_word' id='word_1_356' title='bbox 638 4320 661 4366; x_wconf 91' lang='lat' dir='ltr'>q.</span> <span class='ocrx_word' id='word_1_357' title='bbox 676 4316 739 4360; x_wconf 77' lang='lat' dir='ltr'>Lxx.</span> <span class='ocrx_word' id='word_1_358' title='bbox 752 4320 774 4359; x_wconf 86' lang='lat' dir='ltr'>a.</span> <span class='ocrx_word' id='word_1_359' title='bbox 790 4321 809 4360; x_wconf 85' lang='lat'>1.</span> <span class='ocrx_word' id='word_1_360' title='bbox 822 4307 886 4366; x_wconf 62' lang='lat' dir='ltr'>adp</span> 
     </span>
    </p>
   </div>
   <div class='ocr_carea' id='block_1_5' title="bbox 0 0 1619 4888">
    <p class='ocr_par' dir='ltr' id='par_1_12' title="bbox 0 0 1619 4888">
     <span class='ocr_line' id='line_1_40' title="bbox 0 0 1619 4888; baseline 0 0"><span class='ocrx_word' id='word_1_361' title='bbox 0 0 1619 4888; x_wconf 95' lang='lat' dir='ltr'> </span> 
     </span>
    </p>
   </div>
   <div class='ocr_carea' id='block_1_6' title="bbox 1259 1682 1437 1730">
    <p class='ocr_par' dir='ltr' id='par_1_13' title="bbox 1259 1682 1437 1730">
     <span class='ocr_line' id='line_1_41' title="bbox 1259 1682 1437 1730; baseline -0.006 -1"><span class='ocrx_word' id='word_1_362' title='bbox 1259 1682 1350 1730; x_wconf 72' lang='lat' dir='ltr'>sicum:</span> <span class='ocrx_word' id='word_1_363' title='bbox 1360 1697 1383 1728; x_wconf 80' lang='lat' dir='ltr'>st</span> <span class='ocrx_word' id='word_1_364' title='bbox 1434 1687 1437 1695; x_wconf 96' lang='lat'>&#39;</span> 
     </span>
    </p>
   </div>
  </div>
 </body>
</html>
