3216 4880
417 282 491 351 330
773 279 895 330 innox
923 281 1173 330 nvacvrrcua

412 447 469 502 que
481 431 651 487 auctoritate
665 431 762 485 firmas
777 430 923 484 declarare
938 431 1067 484 Pontifex
1084 429 1129 484 his
1143 429 1244 484 litteris
1262 429 1386 484 intendit
1412 443 1468 498 ¹34
1485 459 1515 468 -

414 517 444 572 S.
468 517 596 586 Ignatius
618 535 676 573 non
699 517 791 572 solum
813 517 989 586 sequendam
1010 517 1170 571 doctrinam
1190 515 1365 571 securiorem
1384 525 1413 569 et
1431 515 1515 584 magis

412 601 600 671 approbatam
610 601 745 669 decrevit,
755 599 875 670 -quod
885 598 989 668 pluries
1003 611 1104 670 postea
1117 617 1135 655 a
1147 599 1339 670 superioribus
1352 599 1517 654 affirmatum

412 697 456 742 est
469 705 610 742 —verum
622 688 709 744 etiam
728 687 816 742 voluit
838 703 925 740 unam
939 687 1015 755 apud
1028 703 1129 744 omnes
1143 703 1207 742 esse
1220 686 1389 754 doctrinam,
1409 695 1469 740 tum
1486 685 1517 737 de

412 775 561 830 sententiis
574 784 720 845 quaesunt
734 777 763 828 in
777 773 883 828 scholis
893 786 1131 843 communes‚tum
1142 776 1178 829 de
1187 775 1371 843 opinionibus
1381 774 1410 827 in
1423 773 1518 843 quibus

413 863 545 918 catholici
558 865 691 920 doctores
700 864 810 918 variant
824 861 897 917 inter
911 879 941 917 se
956 875 1076 932 134-135.
1086 893 1122 902 -
1132 865 1177 918 lta
1186 862 1359 918 concordiae
1371 873 1400 918 et
1413 861 1519 915 caritati

412 956 486 1010 inter
499 955 572 1010 filios
582 973 649 1010 suos
667 956 766 1026 legifer
789 957 874 1010 Pater
893 956 1040 1025 prospexit
1060 967 1117 1024 135.
1130 985 1166 994 -
1187 953 1368 1024 Quicumque
1389 950 1520 1008 Societati

412 1039 463 1095 dat
476 1058 590 1110 nornen,
603 1057 634 1096 se
648 1041 736 1111 ipsius
750 1039 859 1109 obligat
873 1041 1029 1108 doctrinae,
1043 1057 1097 1094 nec
1109 1039 1174 1096 licet
1187 1041 1212 1094 ei
1226 1038 1400 1094 contrariam
1414 1036 1521 1101 sectari,

414 1129 479 1184 licet
489 1129 572 1184 valde
586 1130 763 1199 probabilem
777 1129 938 1199 135-136.—
948 1129 1043 1197 Magis
1052 1128 1100 1182 illa
1110 1129 1154 1184 lex
1164 1128 1272 1196 obligat
1281 1127 1303 1181 si
1313 1124 1522 1197 quadoctrinae

414 1217 510 1288 capita
532 1218 660 1274 Societas
680 1220 794 1289 jusserit
817 1218 929 1274 admitti
951 1228 999 1272 aut
1022 1219 1176 1288 improbari
1198 1219 1236 1272 ab
1256 1216 1389 1272 omnibus
1416 1216 1474 1282 136.
1491 1241 1522 1252 -·

415 1308 443 1362 S.
460 1306 588 1376 Ignatius
609 1309 786 1377 sequendam
800 1308 905 1377 delegit
918 1308 946 1360 in
965 1307 1124 1376 Theologia
1143 1305 1303 1362 doctrinam
1322 1303 1522 1372 scholasticam

415 1397 451 1450 D.
466 1396 604 1462 Thomae,
610 1393 743 1451 facultate
753 1405 847 1450 tamen
859 1395 982 1464 posteris
995 1395 1063 1450 data
1076 1394 1236 1450 doctrinam
1247 1392 1421 1462 designandi
1432 1391 1522 1446 Socie

413 1483 465 1538 tati
478 1499 529 1552 pro
543 1493 673 1552 tempore
685 1483 824 1553 aptiorem
839 1483 897 1551 136.
911 1513 945 1524 -
960 1484 1025 1538 Hac
1037 1483 1171 1538 facultate
1185 1484 1286 1538 Patres
1300 1481 1343 1537 usi
1358 1481 1387 1535 in
1402 1482 1524 1548 Congre

412 1569 529 1638 gatione
541 1571 567 1623 V
585 1571 720 1638 generali,
738 1572 917 1642 sequendam
939 1580 1099 1625 statuerunt
1116 1569 1145 1624 in
1170 1569 1333 1639 Theologia
1353 1567 1525 1622 scholastica

413 1657 573 1712 doctrinam
587 1660 615 1714 S.
630 1660 760 1714 Thomae
777 1661 833 1728 136.
848 1657 980 1728 -Quod
994 1659 1055 1726 fuit,
1068 1659 1190 1713 decursu
1203 1656 1351 1727 temporis,
1364 1656 1525 1726 frequenter

414 1746 822 1816 confirmatumpraesertimin
835 1747 1063 1817 Congregatione
1074 1747 1177 1800 XXIll
1189 1762 1280 1815 nuper
1290 1745 1389 1800 habita
1404 1745 1525 1812 136-137.

415 1835 562 1903 -Regula
571 1835 723 1890 Societatis
732 1835 910 1906 sequendum
919 1833 987 1888 dicit
997 1835 1026 1889 in
1037 1834 1222 1903 Philosophia
1230 1834 1429 1888 Aristotelem.
1439 1833 1524 1886 Philo·

416 1921 518 1989 sophia
534 1931 630 1975 autem
642 1923 670 1976 S.
684 1923 815 1976 Thomae
827 1920 898 1975 nihil
917 1922 1028 1977 aliaest
1042 1932 1129 1992 atque
1142 1923 1316 1976 Aristotelea
1327 1937 1418 1991 quam
1432 1919 1524 1974 errori·

414 2009 468 2062 bus
478 2008 539 2076 ipse
552 2010 723 2076 emendavit,
736 2007 912 2077 Theologiae
926 2009 1115 2064 scholasticae
1129 2008 1262 2078 princeps
1278 2021 1336 2076 137.
1350 2038 1386 2046 —
1397 2009 1457 2077 Qui
1465 2024 1526 2074 ergo

417 2095 599 2150 Aristotelem
612 2107 672 2150 tuto
681 2097 785 2152 sectari
795 2096 911 2166 cogitat,
919 2097 1093 2166 Aquinatem
1107 2095 1209 2151 sectari
1223 2097 1309 2150 debet
1326 2109 1385 2162 137.
1395 2097 1524 2149 -Acce

417 2181 457 2236 dit
471 2183 547 2252 quod
561 2182 589 2236 in
604 2183 747 2238 Societate
761 2183 943 2253 philosophia
956 2183 996 2238 ita
1009 2193 1052 2237 est
1066 2183 1280 2252 interpretanda
1300 2193 1328 2236 ut
1351 2182 1525 2250 Theologiae

415 2268 605 2325 scholasticae
623 2272 772 2324 ancilletur
792 2272 915 2338 137-138.
934 2299 970 2310 -
985 2270 1059 2324 lllud
1079 2269 1228 2324 attendant
1240 2268 1460 2339 qui'Aquinatis
1472 2267 1525 2337 opi·

415 2353 530 2408 trionem
544 2355 613 2409 nihil
630 2358 688 2412 fere
702 2367 801 2412 curant
815 2374 902 2427 quurn
916 2357 1078 2412 Aristotelis
1092 2357 1261 2426 interpretes
1270 2355 1299 2409 in
1312 2356 1410 2410 varias
1422 2357 1524 2411 abeunt

415 2443 579 2511 sententias,
593 2444 830 2514 meminerintque
839 2445 1013 2499 Societatem
1023 2443 1190 2498 adhaesisse
1200 2442 1367 2513 apostolicis
1380 2443 1485 2498 litteris
1494 2442 1526 2494 de

416 2529 590 2584 restituenda
603 2533 631 2584 in
645 2527 751 2585 scholis
763 2531 945 2600 philosophia
960 2533 988 2586 S.
1000 2532 1130 2585 Thomae
1146 2531 1203 2597 138.
1216 2559 1252 2568 -
1261 2531 1426 2584 Doctorum
1435 2527 1525 2584 Socie-

416 2615 483 2668 tatis
495 2616 642 2683 praeclara
659 2635 746 2687 opera
759 2628 836 2672 recte
845 2619 1018 2672 adhibentur
1035 2628 1181 2687 tamquam
1195 2617 1363 2686 adjumenta
1379 2617 1420 2669 ad
1434 2631 1524 2668 veram

418 2703 446 2757 S.
455 2703 585 2759 Thomae
598 2705 757 2760 doctrinam
770 2707 921 2761 colendam
935 2725 942 2772 ;
961 2707 1120 2784 cavendum
1140 2723 1207 2760 vero
1227 2723 1262 2759 ne
1276 2706 1406 2760 studium
1420 2706 1526 2759 illorum

417 2805 534 2859 operum
548 2792 681 2847 uniformi
694 2793 841 2848 doctrinae
863 2803 974 2860 noceat,
985 2794 1107 2863 ideoque
1126 2793 1149 2846 si
1163 2793 1334 2848 dissentiant
1351 2795 1495 2846 Doctores
1512 2807 1526 2844 a

418 2877 446 2932 S.
461 2879 580 2946 Thoma,
593 2879 638 2933 hic
652 2881 987 2949 sequendus138·139.-
1002 2882 1167 2950 Improbata
1177 2891 1220 2935 est
1231 2898 1248 2934 a
1261 2881 1437 2950 praepositis
1450 2881 1526 2932 liber·

418 2973 462 3016 tas
475 2965 612 3034 sequendi
626 2983 725 3020 omnes
736 2968 884 3035 opiniones
898 2984 996 3023 eorum
1009 2967 1096 3022 etiam
1110 2968 1245 3022 librorum
1259 2967 1305 3038 qui
1321 2968 1357 3021 de
1367 2967 1527 3021 moderato·

418 3062 481 3103 rum
495 3052 635 3118 permissu
648 3053 812 3122 prodierunt
829 3069 886 3122 139.
900 3084 935 3093 —
949 3055 1140 3123 Exceptiones
1153 3063 1211 3106 tres
1226 3052 1254 3106 in
1266 3052 1527 3107 constitutionibus

419 3136 553 3191 definitae
566 3139 658 3207 legem
671 3141 708 3194 de
721 3142 866 3211 sequendo
881 3142 909 3195 S.
920 3143 1034 3196 Thoma
1046 3139 1217 3195 confirmant
1231 3155 1356 3207 139·140.
1370 3169 1405 3178 —-
1423 3147 1450 3192 1⁰
1465 3140 1526 3192 Non

417 3235 461 3280 est
471 3227 619 3295 sequenda
627 3227 688 3297 ejus
701 3228 844 3283 sententia
861 3229 884 3283 si
898 3228 1033 3298 ambigua
1046 3228 1127 3282 fuerit
1140 3245 1147 3282 ε
1158 3243 1226 3296 ergo
1236 3228 1325 3281 sinon
1340 3237 1384 3281 est
1399 3227 1477 3294 talis,
1488 3242 1527 3280 se·

417 3313 532 3381 quenda
543 3323 586 3368 est
603 3325 699 3380 14o.-
714 3316 827 3371 Monuit
840 3315 895 3370 hac
908 3316 944 3370 de
957 3333 986 3368 re
1002 3317 1031 3369 P.
1046 3313 1194 3384 Aquaviva
1205 3331 1241 3368 ne
1250 3315 1313 3383 quis
1325 3313 1408 3368 vanis
1421 3315 1527 3368 artibus

418 3398 472 3452 sibi
494 3401 664 3468 persuadeat
684 3403 850 3469 ambiguam
870 3419 933 3457 esse
955 3403 983 3456 S.
999 3401 1131 3456 Doctoris
1153 3400 1324 3455 sententiam
1350 3415 1409 3465 140.
1431 3399 1526 3453 —Ad

419 3487 600 3556 quaestiones
614 3505 684 3558 quas
698 3491 727 3544 S.
741 3491 868 3543 Thomas
881 3505 939 3542 non
951 3489 1053 3558 attigit,
1067 3505 1204 3558 responsa
1218 3488 1321 3542 dentur
1334 3501 1527 3542 consentanea

418 3571 546 3640 ejusdem
569 3575 716 3644 principiis
739 3576 852 3646 penitus
874 3575 995 3646 cognitis
1020 3591 1076 3642 140.
1092 3605 1126 3614 -
1149 3583 1177 3628 2⁰
1192 3576 1259 3628 Non
1282 3585 1325 3629 est
1347 3575 1377 3629 S.
1401 3576 1527 3628 Thomas

418 3659 580 3728 sequendus
594 3659 622 3712 in
635 3661 851 3730 quaestionibus
873 3679 951 3716 mere
968 3661 1183 3732 philosophicis.
1200 3663 1264 3716 Hae
1284 3679 1352 3715 vero
1366 3679 1527 3731 perpaucae

418 3751 495 3818 apud
513 3751 606 3820 ipsum
627 3751 811 3821 reperiuntur.
828 3755 861 3807 ln
873 3754 918 3807 his
934 3753 1003 3824 ipsis
1017 3771 1053 3807 ne
1065 3753 1215 3809 recedatur
1227 3771 1245 3807 a
1258 3753 1286 3808 S.
1306 3754 1371 3822 Th,
1385 3755 1409 3808 si
1429 3771 1477 3808 res
1495 3757 1527 3806 sit

418 3837 536 3906 alicujus
550 3841 687 3895 momenti
698 3853 747 3896 aut
761 3843 975 3897 fundamentum
989 3844 1107 3896 aliorum
1124 3857 1292 3908 14ο-141.-
1305 3849 1335 3909 3⁰
1350 3841 1427 3897 Mitti
1439 3853 1527 3911 potest

418 3925 447 3979 S.
458 3925 511 3980 Th.
525 3927 666 3982 sententia
680 3929 702 3982 si
717 3929 855 3994 doctrina,
868 3931 894 3984 ei
908 3930 1059 3996 contraria,
1073 3929 1195 3983 fueritin
1210 3929 1360 3982 catholicis
1373 3929 1526 3982 academiis

417 4015 476 4068 fere
489 4025 621 4083 recepta;
638 4015 769 4084 jamvero
789 4017 954 4070 academiae
974 4016 1107 4070 insistunt
1133 4017 1161 4069 S.
1177 4014 1310 4069 Doctoris
1326 4015 1457 4083 vestigiis
1473 4029 1526 4079 14¹·

417 4128 453 4138 —
466 4102 617 4171 Sapienter
627 4102 749 4172 providit
758 4103 891 4172 Congr.V
901 4121 936 4157 ne
945 4103 1007 4171 quis
1017 4121 1051 4156 ex
1061 4102 1232 4172 supradictis
1242 4104 1426 4157 occasionem
1437 4115 1526 4156 sumat

421 4188 450 4242 S.
464 4191 517 4242 Th.
529 4191 688 4245 doctrinam
703 4190 785 4244 facile
794 4190 944 4245 deserendi
959 4205 1015 4255 ¹4¹·
1031 4219 1064 4228 -
1077 4189 1239 4246 Studiorum
1250 4190 1393 4245 rationem
1407 4191 1527 4244 alumnis

423 4275 574 4331 Societatis
583 4279 650 4348 Jesu
665 4277 787 4348 propriis
801 4277 912 4347 legibus
925 4277 1111 4346 praefinitam,
1125 4275 1255 4332 Pontifex
1273 4294 1326 4346 pro
1340 4295 1393 4332 sua
1406 4279 1525 4346 Aposto
