<?xml version="1.0" encoding="UTF-8"?>
<!DOCTYPE html PUBLIC "-//W3C//DTD XHTML 1.0 Transitional//EN"
    "http://www.w3.org/TR/xhtml1/DTD/xhtml1-transitional.dtd">
<html xmlns="http://www.w3.org/1999/xhtml" xml:lang="en" lang="en">
 <head>
  <title>
</title>
<meta http-equiv="Content-Type" content="text/html;charset=utf-8" />
  <meta name='ocr-system' content='tesseract 3.04.00' />
  <meta name='ocr-capabilities' content='ocr_page ocr_carea ocr_par ocr_line ocrx_word'/>
</head>
<body>
  <div class='ocr_page' id='page_1' title='image "./sanctissimidomi01xiiigoog_0230.png"; bbox 0 0 3222 4888; ppageno 0'>
   <div class='ocr_carea' id='block_1_1' title="bbox 299 280 1189 350">
    <p class='ocr_par' dir='ltr' id='par_1_1' title="bbox 299 280 1189 350">
     <span class='ocr_line' id='line_1_1' title="bbox 299 280 1189 350; baseline 0.007 -17"><span class='ocrx_word' id='word_1_1' title='bbox 299 283 349 334; x_wconf 86' lang='lat' dir='ltr'>DE</span> <span class='ocrx_word' id='word_1_2' title='bbox 376 285 527 336; x_wconf 86' lang='lat' dir='ltr'>STUDllS</span> <span class='ocrx_word' id='word_1_3' title='bbox 556 283 792 338; x_wconf 77' lang='lat' dir='ltr'>SCRIPTURAE</span> <span class='ocrx_word' id='word_1_4' title='bbox 819 285 973 336; x_wconf 78' lang='lat' dir='ltr'>SACRAE.</span> <span class='ocrx_word' id='word_1_5' title='bbox 1119 280 1189 350; x_wconf 78' lang='lat'>223</span> 
     </span>
    </p>
   </div>
   <div class='ocr_carea' id='block_1_2' title="bbox 88 431 1368 732">
    <p class='ocr_par' dir='ltr' id='par_1_2' title="bbox 88 431 1368 732">
     <span class='ocr_line' id='line_1_2' title="bbox 88 431 1321 540; baseline -0.002 -42"><span class='ocrx_word' id='word_1_6' title='bbox 88 437 201 498; x_wconf 86' lang='lat' dir='ltr'>ctitate</span> <span class='ocrx_word' id='word_1_7' title='bbox 218 434 403 497; x_wconf 90' lang='lat' dir='ltr'>Bibliorum</span> <span class='ocrx_word' id='word_1_8' title='bbox 431 434 529 516; x_wconf 86' lang='lat' dir='ltr'>plene</span> <span class='ocrx_word' id='word_1_9' title='bbox 557 435 769 518; x_wconf 79' lang='lat' dir='ltr'>perfecteque</span> <span class='ocrx_word' id='word_1_10' title='bbox 796 435 1008 508; x_wconf 86' lang='lat' dir='ltr'>contendere,</span> <span class='ocrx_word' id='word_1_11' title='bbox 1025 433 1133 496; x_wconf 92' lang='lat' dir='ltr'>multo</span> <span class='ocrx_word' id='word_1_12' title='bbox 1156 431 1190 496; x_wconf 90' lang='lat' dir='ltr'>id</span> <span class='ocrx_word' id='word_1_13' title='bbox 1251 441 1321 540; x_wconf 65' lang='lat' dir='ltr'>abl</span> 
     </span>
     <span class='ocr_line' id='line_1_3' title="bbox 90 528 1330 621; baseline 0 -19"><span class='ocrx_word' id='word_1_14' title='bbox 90 540 192 604; x_wconf 90' lang='lat' dir='ltr'>maius</span> <span class='ocrx_word' id='word_1_15' title='bbox 209 550 268 616; x_wconf 92' lang='lat' dir='ltr'>est,</span> <span class='ocrx_word' id='word_1_16' title='bbox 284 559 384 621; x_wconf 89' lang='lat' dir='ltr'>quarn</span> <span class='ocrx_word' id='word_1_17' title='bbox 403 551 439 602; x_wconf 90' lang='lat' dir='ltr'>ut</span> <span class='ocrx_word' id='word_1_18' title='bbox 456 559 476 602; x_wconf 88' lang='lat' dir='ltr'>a</span> <span class='ocrx_word' id='word_1_19' title='bbox 498 538 570 603; x_wconf 91' lang='lat' dir='ltr'>sola</span> <span class='ocrx_word' id='word_1_20' title='bbox 583 539 802 620; x_wconf 85' lang='lat' dir='ltr'>interpretum</span> <span class='ocrx_word' id='word_1_21' title='bbox 827 549 860 602; x_wconf 92' lang='lat' dir='ltr'>et</span> <span class='ocrx_word' id='word_1_22' title='bbox 876 537 1109 620; x_wconf 83' lang='lat' dir='ltr'>theologorum</span> <span class='ocrx_word' id='word_1_23' title='bbox 1126 535 1191 600; x_wconf 89' lang='lat' dir='ltr'>sol·</span> <span class='ocrx_word' id='word_1_24' title='bbox 1255 528 1330 614; x_wconf 38' lang='lat'><em>1893·-</em></span> 
     </span>
     <span class='ocr_line' id='line_1_4' title="bbox 90 639 1368 732; baseline -0.002 -28"><span class='ocrx_word' id='word_1_25' title='bbox 90 641 181 706; x_wconf 89' lang='lat' dir='ltr'>lertia</span> <span class='ocrx_word' id='word_1_26' title='bbox 197 661 342 724; x_wconf 90' lang='lat' dir='ltr'>aequum</span> <span class='ocrx_word' id='word_1_27' title='bbox 361 644 402 704; x_wconf 92' lang='lat' dir='ltr'>sit</span> <span class='ocrx_word' id='word_1_28' title='bbox 419 643 603 722; x_wconf 87' lang='lat' dir='ltr'>expectari.</span> <span class='ocrx_word' id='word_1_29' title='bbox 626 641 758 706; x_wconf 90' lang='lat' dir='ltr'>Eodem</span> <span class='ocrx_word' id='word_1_30' title='bbox 775 641 962 722; x_wconf 88' lang='lat' dir='ltr'>optandum</span> <span class='ocrx_word' id='word_1_31' title='bbox 979 649 1030 704; x_wconf 88' lang='lat' dir='ltr'>est</span> <span class='ocrx_word' id='word_1_32' title='bbox 1058 639 1190 721; x_wconf 89' lang='lat' dir='ltr'>conspi·</span> <span class='ocrx_word' id='word_1_33' title='bbox 1213 667 1368 732; x_wconf 59' lang='lat' dir='ltr'>gaanmp</span> 
     </span>
    </p>
   </div>
   <div class='ocr_carea' id='block_1_3' title="bbox 76 733 1340 862">
    <p class='ocr_par' dir='ltr' id='par_1_3' title="bbox 76 733 1340 862">
     <span class='ocr_line' id='line_1_5' title="bbox 76 733 1340 862; baseline -0.006 -53"><span class='ocrx_word' id='word_1_34' title='bbox 76 755 158 809; x_wconf 88' lang='lat' dir='ltr'>rent</span> <span class='ocrx_word' id='word_1_35' title='bbox 183 755 216 808; x_wconf 93' lang='lat' dir='ltr'>et</span> <span class='ocrx_word' id='word_1_36' title='bbox 240 747 458 808; x_wconf 90' lang='lat' dir='ltr'>connitantur</span> <span class='ocrx_word' id='word_1_37' title='bbox 481 745 528 808; x_wconf 90' lang='lat' dir='ltr'>illi</span> <span class='ocrx_word' id='word_1_38' title='bbox 553 747 654 810; x_wconf 89' lang='lat' dir='ltr'>etiam</span> <span class='ocrx_word' id='word_1_39' title='bbox 682 766 727 808; x_wconf 89' lang='lat' dir='ltr'>ex</span> <span class='ocrx_word' id='word_1_40' title='bbox 751 745 925 808; x_wconf 87' lang='lat' dir='ltr'>catholicis</span> <span class='ocrx_word' id='word_1_41' title='bbox 951 746 1040 824; x_wconf 88' lang='lat' dir='ltr'>viris,</span> <span class='ocrx_word' id='word_1_42' title='bbox 1064 745 1122 826; x_wconf 91' lang='lat' dir='ltr'>qui</span> <span class='ocrx_word' id='word_1_43' title='bbox 1147 744 1191 807; x_wconf 85' lang='lat' dir='ltr'>ab</span> <span class='ocrx_word' id='word_1_44' title='bbox 1208 733 1340 862; x_wconf 36' lang='grc' dir='ltr'>ἕπε’·</span> 
     </span>
    </p>
   </div>
   <div class='ocr_carea' id='block_1_4' title="bbox 87 849 1334 932">
    <p class='ocr_par' dir='ltr' id='par_1_4' title="bbox 87 849 1334 932">
     <span class='ocr_line' id='line_1_6' title="bbox 87 849 1334 932; baseline -0.002 -18"><span class='ocrx_word' id='word_1_45' title='bbox 87 851 233 914; x_wconf 89' lang='lat' dir='ltr'>externis</span> <span class='ocrx_word' id='word_1_46' title='bbox 275 849 436 914; x_wconf 80' lang='lat' dir='ltr'>doctrinis</span> <span class='ocrx_word' id='word_1_47' title='bbox 475 849 621 932; x_wconf 84' lang='lat' dir='ltr'>aliquam</span> <span class='ocrx_word' id='word_1_48' title='bbox 661 850 729 914; x_wconf 90' lang='lat' dir='ltr'>sint</span> <span class='ocrx_word' id='word_1_49' title='bbox 767 849 914 912; x_wconf 92' lang='lat' dir='ltr'>nominis</span> <span class='ocrx_word' id='word_1_50' title='bbox 951 850 1189 913; x_wconf 88' lang='lat' dir='ltr'>auctoritatem</span> <span class='ocrx_word' id='word_1_51' title='bbox 1216 863 1334 912; x_wconf 71' lang='lat' dir='ltr'>catholici</span> 
     </span>
    </p>
   </div>
   <div class='ocr_carea' id='block_1_5' title="bbox 87 935 1338 1044">
    <p class='ocr_par' dir='ltr' id='par_1_5' title="bbox 87 935 1338 1044">
     <span class='ocr_line' id='line_1_7' title="bbox 87 935 1338 1044; baseline 0.014 -29"><span class='ocrx_word' id='word_1_52' title='bbox 87 954 207 1036; x_wconf 86' lang='lat' dir='ltr'>adepti.</span> <span class='ocrx_word' id='word_1_53' title='bbox 227 953 357 1016; x_wconf 86' lang='lat' dir='ltr'>Horum</span> <span class='ocrx_word' id='word_1_54' title='bbox 375 975 456 1016; x_wconf 91' lang='lat' dir='ltr'>sane</span> <span class='ocrx_word' id='word_1_55' title='bbox 481 955 690 1034; x_wconf 87' lang='lat' dir='ltr'>ingeniorum</span> <span class='ocrx_word' id='word_1_56' title='bbox 716 963 861 1030; x_wconf 91' lang='lat' dir='ltr'>ornatus,</span> <span class='ocrx_word' id='word_1_57' title='bbox 878 954 905 1016; x_wconf 88' lang='lat' dir='ltr'>si</span> <span class='ocrx_word' id='word_1_58' title='bbox 935 973 1108 1036; x_wconf 87' lang='lat' dir='ltr'>nunquam</span> <span class='ocrx_word' id='word_1_59' title='bbox 1132 973 1190 1018; x_wconf 81' lang='lat' dir='ltr'>an·</span> <span class='ocrx_word' id='word_1_60' title='bbox 1215 935 1338 1044; x_wconf 34' lang='lat' dir='ltr'>fimf</span> 
     </span>
    </p>
   </div>
   <div class='ocr_carea' id='block_1_6' title="bbox 86 1055 1408 1254">
    <p class='ocr_par' dir='ltr' id='par_1_6' title="bbox 86 1055 1408 1254">
     <span class='ocr_line' id='line_1_8' title="bbox 86 1055 1349 1137; baseline -0.004 -18"><span class='ocrx_word' id='word_1_61' title='bbox 86 1066 148 1133; x_wconf 87' lang='lat' dir='ltr'>tea,</span> <span class='ocrx_word' id='word_1_62' title='bbox 164 1077 205 1119; x_wconf 90' lang='lat' dir='ltr'>ne</span> <span class='ocrx_word' id='word_1_63' title='bbox 223 1067 310 1119; x_wconf 84' lang='lat' dir='ltr'>nunc</span> <span class='ocrx_word' id='word_1_64' title='bbox 327 1057 474 1137; x_wconf 90' lang='lat' dir='ltr'>quidem,</span> <span class='ocrx_word' id='word_1_65' title='bbox 498 1056 562 1118; x_wconf 91' lang='lat' dir='ltr'>Dei</span> <span class='ocrx_word' id='word_1_66' title='bbox 579 1055 753 1133; x_wconf 89' lang='lat' dir='ltr'>beneficio,</span> <span class='ocrx_word' id='word_1_67' title='bbox 766 1055 938 1119; x_wconf 83' lang='lat' dir='ltr'>Ecclesiae</span> <span class='ocrx_word' id='word_1_68' title='bbox 954 1057 1048 1118; x_wconf 89' lang='lat' dir='ltr'>deest</span> <span class='ocrx_word' id='word_1_69' title='bbox 1064 1077 1070 1132; x_wconf 90' lang='lat'>;</span> <span class='ocrx_word' id='word_1_70' title='bbox 1087 1065 1190 1137; x_wconf 91' lang='lat' dir='ltr'>atque</span> <span class='ocrx_word' id='word_1_71' title='bbox 1215 1060 1349 1136; x_wconf 60' lang='lat' dir='ltr'>triqasum</span> 
     </span>
     <span class='ocr_line' id='line_1_9' title="bbox 87 1132 1408 1254; baseline -0.003 -30"><span class='ocrx_word' id='word_1_72' title='bbox 87 1163 213 1224; x_wconf 89' lang='lat' dir='ltr'>utinam</span> <span class='ocrx_word' id='word_1_73' title='bbox 226 1182 270 1223; x_wconf 88' lang='lat' dir='ltr'>eo</span> <span class='ocrx_word' id='word_1_74' title='bbox 287 1159 431 1241; x_wconf 92' lang='lat' dir='ltr'>amplius</span> <span class='ocrx_word' id='word_1_75' title='bbox 448 1161 480 1221; x_wconf 92' lang='lat' dir='ltr'>in</span> <span class='ocrx_word' id='word_1_76' title='bbox 499 1159 575 1222; x_wconf 86' lang='lat' dir='ltr'>fidei</span> <span class='ocrx_word' id='word_1_77' title='bbox 593 1160 779 1244; x_wconf 87' lang='lat' dir='ltr'>subsidium</span> <span class='ocrx_word' id='word_1_78' title='bbox 803 1169 971 1242; x_wconf 86' lang='lat' dir='ltr'>augescat.</span> <span class='ocrx_word' id='word_1_79' title='bbox 988 1158 1082 1222; x_wconf 87' lang='lat' dir='ltr'>Nihil</span> <span class='ocrx_word' id='word_1_80' title='bbox 1100 1161 1189 1224; x_wconf 89' lang='lat' dir='ltr'>enim</span> <span class='ocrx_word' id='word_1_81' title='bbox 1212 1132 1368 1254; x_wconf 55' lang='lat' dir='ltr'>fflgfnffiss</span> <span class='ocrx_word' id='word_1_82' title='bbox 1406 1226 1408 1232; x_wconf 50' lang='grc'>,</span> 
     </span>
    </p>
   </div>
   <div class='ocr_carea' id='block_1_7' title="bbox 80 1255 1371 3217">
    <p class='ocr_par' dir='ltr' id='par_1_7' title="bbox 86 1255 1368 1660">
     <span class='ocr_line' id='line_1_10' title="bbox 87 1255 1368 1371; baseline 0 -44"><span class='ocrx_word' id='word_1_83' title='bbox 87 1265 192 1347; x_wconf 89' lang='lat' dir='ltr'>magis</span> <span class='ocrx_word' id='word_1_84' title='bbox 222 1277 378 1346; x_wconf 92' lang='lat' dir='ltr'>oportere</span> <span class='ocrx_word' id='word_1_85' title='bbox 408 1265 573 1341; x_wconf 86' lang='lat' dir='ltr'>ducimus,</span> <span class='ocrx_word' id='word_1_86' title='bbox 604 1283 706 1346; x_wconf 91' lang='lat' dir='ltr'>quam</span> <span class='ocrx_word' id='word_1_87' title='bbox 734 1274 771 1328; x_wconf 93' lang='lat' dir='ltr'>ut</span> <span class='ocrx_word' id='word_1_88' title='bbox 801 1264 913 1345; x_wconf 89' lang='lat' dir='ltr'>plures</span> <span class='ocrx_word' id='word_1_89' title='bbox 946 1263 1189 1346; x_wconf 85' lang='lat' dir='ltr'>validioresque</span> <span class='ocrx_word' id='word_1_90' title='bbox 1215 1255 1368 1371; x_wconf 41' lang='lat' dir='ltr'>msam*</span> 
     </span>
     <span class='ocr_line' id='line_1_11' title="bbox 86 1357 1334 1450; baseline 0.002 -18"><span class='ocrx_word' id='word_1_91' title='bbox 86 1368 295 1432; x_wconf 90' lang='lat' dir='ltr'>nanciscatur</span> <span class='ocrx_word' id='word_1_92' title='bbox 311 1369 433 1431; x_wconf 89' lang='lat' dir='ltr'>veritas</span> <span class='ocrx_word' id='word_1_93' title='bbox 462 1377 739 1450; x_wconf 87' lang='lat' dir='ltr'>propugnatores,</span> <span class='ocrx_word' id='word_1_94' title='bbox 755 1388 856 1450; x_wconf 89' lang='lat' dir='ltr'>quarn</span> <span class='ocrx_word' id='word_1_95' title='bbox 885 1367 1008 1430; x_wconf 89' lang='lat' dir='ltr'>sentiat</span> <span class='ocrx_word' id='word_1_96' title='bbox 1036 1368 1190 1434; x_wconf 90' lang='lat' dir='ltr'>adversa·</span> <span class='ocrx_word' id='word_1_97' title='bbox 1328 1357 1334 1371; x_wconf 75' lang='lat'>&#39;</span> 
     </span>
     <span class='ocr_line' id='line_1_12' title="bbox 86 1461 1190 1555; baseline -0.001 -20"><span class='ocrx_word' id='word_1_98' title='bbox 86 1473 149 1536; x_wconf 90' lang='lat' dir='ltr'>rios</span> <span class='ocrx_word' id='word_1_99' title='bbox 163 1494 171 1551; x_wconf 90' lang='lat'>;</span> <span class='ocrx_word' id='word_1_100' title='bbox 188 1493 297 1554; x_wconf 90' lang='lat' dir='ltr'>neque</span> <span class='ocrx_word' id='word_1_101' title='bbox 314 1493 364 1535; x_wconf 89' lang='lat' dir='ltr'>res</span> <span class='ocrx_word' id='word_1_102' title='bbox 382 1471 449 1536; x_wconf 87' lang='lat' dir='ltr'>ulla</span> <span class='ocrx_word' id='word_1_103' title='bbox 465 1482 516 1535; x_wconf 91' lang='lat' dir='ltr'>est</span> <span class='ocrx_word' id='word_1_104' title='bbox 532 1492 618 1555; x_wconf 94' lang='lat' dir='ltr'>quae</span> <span class='ocrx_word' id='word_1_105' title='bbox 635 1472 743 1554; x_wconf 89' lang='lat' dir='ltr'>magis</span> <span class='ocrx_word' id='word_1_106' title='bbox 760 1471 959 1552; x_wconf 90' lang='lat' dir='ltr'>persuadere</span> <span class='ocrx_word' id='word_1_107' title='bbox 970 1470 1072 1552; x_wconf 83' lang='lat' dir='ltr'>vulgo</span> <span class='ocrx_word' id='word_1_108' title='bbox 1085 1461 1190 1554; x_wconf 87' lang='lat' dir='ltr'>possit</span> 
     </span>
     <span class='ocr_line' id='line_1_13' title="bbox 86 1574 1191 1660; baseline 0.002 -22"><span class='ocrx_word' id='word_1_109' title='bbox 86 1577 283 1660; x_wconf 89' lang='lat' dir='ltr'>obsequium</span> <span class='ocrx_word' id='word_1_110' title='bbox 310 1577 469 1655; x_wconf 92' lang='lat' dir='ltr'>veritatis,</span> <span class='ocrx_word' id='word_1_111' title='bbox 495 1597 596 1660; x_wconf 91' lang='lat' dir='ltr'>quam</span> <span class='ocrx_word' id='word_1_112' title='bbox 623 1577 650 1640; x_wconf 88' lang='lat' dir='ltr'>si</span> <span class='ocrx_word' id='word_1_113' title='bbox 677 1595 751 1639; x_wconf 90' lang='lat' dir='ltr'>eam</span> <span class='ocrx_word' id='word_1_114' title='bbox 777 1575 943 1638; x_wconf 90' lang='lat' dir='ltr'>liberrime</span> <span class='ocrx_word' id='word_1_115' title='bbox 972 1574 1191 1655; x_wconf 88' lang='lat' dir='ltr'>profiteantur</span> 
     </span>
    </p>

    <p class='ocr_par' dir='ltr' id='par_1_8' title="bbox 85 1677 1190 1764">
     <span class='ocr_line' id='line_1_14' title="bbox 85 1677 1190 1764; baseline 0.003 -23"><span class='ocrx_word' id='word_1_116' title='bbox 85 1680 141 1762; x_wconf 94' lang='lat' dir='ltr'>qui</span> <span class='ocrx_word' id='word_1_117' title='bbox 158 1682 192 1744; x_wconf 93' lang='lat' dir='ltr'>in</span> <span class='ocrx_word' id='word_1_118' title='bbox 209 1681 346 1744; x_wconf 86' lang='lat' dir='ltr'>laudata</span> <span class='ocrx_word' id='word_1_119' title='bbox 362 1681 475 1764; x_wconf 90' lang='lat' dir='ltr'>aliqua</span> <span class='ocrx_word' id='word_1_120' title='bbox 492 1688 662 1762; x_wconf 89' lang='lat' dir='ltr'>praestent</span> <span class='ocrx_word' id='word_1_121' title='bbox 678 1679 847 1744; x_wconf 85' lang='lat' dir='ltr'>facultate.</span> <span class='ocrx_word' id='word_1_122' title='bbox 865 1677 956 1760; x_wconf 86' lang='lat' dir='ltr'>Quin</span> <span class='ocrx_word' id='word_1_123' title='bbox 975 1678 1071 1742; x_wconf 92' lang='lat' dir='ltr'>facile</span> <span class='ocrx_word' id='word_1_124' title='bbox 1088 1679 1190 1744; x_wconf 90' lang='lat' dir='ltr'>etiam</span> 
     </span>
    </p>

    <p class='ocr_par' dir='ltr' id='par_1_9' title="bbox 85 1784 1191 1866">
     <span class='ocr_line' id='line_1_15' title="bbox 85 1784 1191 1866; baseline 0.001 -19"><span class='ocrx_word' id='word_1_125' title='bbox 85 1805 216 1848; x_wconf 89' lang='lat' dir='ltr'>cessura</span> <span class='ocrx_word' id='word_1_126' title='bbox 232 1795 283 1847; x_wconf 90' lang='lat' dir='ltr'>est</span> <span class='ocrx_word' id='word_1_127' title='bbox 309 1784 573 1848; x_wconf 90' lang='lat' dir='ltr'>obtrectatorum</span> <span class='ocrx_word' id='word_1_128' title='bbox 602 1784 736 1858; x_wconf 91' lang='lat' dir='ltr'>invidia,</span> <span class='ocrx_word' id='word_1_129' title='bbox 760 1793 819 1847; x_wconf 93' lang='lat' dir='ltr'>aut</span> <span class='ocrx_word' id='word_1_130' title='bbox 834 1794 924 1846; x_wconf 88' lang='lat' dir='ltr'>certe</span> <span class='ocrx_word' id='word_1_131' title='bbox 950 1803 1016 1846; x_wconf 92' lang='lat' dir='ltr'>non</span> <span class='ocrx_word' id='word_1_132' title='bbox 1034 1784 1081 1848; x_wconf 91' lang='lat' dir='ltr'>ita</span> <span class='ocrx_word' id='word_1_133' title='bbox 1096 1793 1191 1866; x_wconf 91' lang='lat' dir='ltr'>petu-</span> 
     </span>
    </p>

    <p class='ocr_par' dir='ltr' id='par_1_10' title="bbox 87 1887 1192 1968">
     <span class='ocr_line' id='line_1_16' title="bbox 87 1887 1192 1968; baseline 0.003 -19"><span class='ocrx_word' id='word_1_134' title='bbox 87 1887 193 1952; x_wconf 90' lang='lat' dir='ltr'>lanter</span> <span class='ocrx_word' id='word_1_135' title='bbox 209 1890 275 1952; x_wconf 89' lang='lat' dir='ltr'>iam</span> <span class='ocrx_word' id='word_1_136' title='bbox 289 1889 463 1952; x_wconf 89' lang='lat' dir='ltr'>traducere</span> <span class='ocrx_word' id='word_1_137' title='bbox 475 1888 704 1952; x_wconf 87' lang='lat' dir='ltr'>illiaudebunt</span> <span class='ocrx_word' id='word_1_138' title='bbox 721 1888 891 1950; x_wconf 89' lang='lat' dir='ltr'>inimicam</span> <span class='ocrx_word' id='word_1_139' title='bbox 909 1887 1192 1968; x_wconf 86' lang='lat' dir='ltr'>scientiae‚fidem,</span> 
     </span>
    </p>

    <p class='ocr_par' dir='ltr' id='par_1_11' title="bbox 86 1990 1189 2072">
     <span class='ocr_line' id='line_1_17' title="bbox 86 1990 1189 2072; baseline 0.004 -20"><span class='ocrx_word' id='word_1_140' title='bbox 86 2011 188 2072; x_wconf 91' lang='lat' dir='ltr'>quum</span> <span class='ocrx_word' id='word_1_141' title='bbox 205 1992 383 2055; x_wconf 89' lang='lat' dir='ltr'>viderinta</span> <span class='ocrx_word' id='word_1_142' title='bbox 411 1992 489 2054; x_wconf 91' lang='lat' dir='ltr'>viris</span> <span class='ocrx_word' id='word_1_143' title='bbox 516 1991 675 2056; x_wconf 86' lang='lat' dir='ltr'>scientiae</span> <span class='ocrx_word' id='word_1_144' title='bbox 699 1991 799 2054; x_wconf 88' lang='lat' dir='ltr'>laude</span> <span class='ocrx_word' id='word_1_145' title='bbox 824 1990 991 2054; x_wconf 89' lang='lat' dir='ltr'>nobilibus</span> <span class='ocrx_word' id='word_1_146' title='bbox 1020 2012 1189 2056; x_wconf 90' lang='lat' dir='ltr'>summum</span> 
     </span>
    </p>

    <p class='ocr_par' dir='ltr' id='par_1_12' title="bbox 80 2087 1371 3217">
     <span class='ocr_line' id='line_1_18' title="bbox 86 2087 1370 2176; baseline 0.002 -24"><span class='ocrx_word' id='word_1_147' title='bbox 86 2087 160 2152; x_wconf 87' lang='lat' dir='ltr'>fidei</span> <span class='ocrx_word' id='word_1_148' title='bbox 178 2090 339 2153; x_wconf 89' lang='lat' dir='ltr'>honorem</span> <span class='ocrx_word' id='word_1_149' title='bbox 357 2091 642 2172; x_wconf 89' lang='lat' dir='ltr'>reverentiamque</span> <span class='ocrx_word' id='word_1_150' title='bbox 658 2089 820 2154; x_wconf 88' lang='lat' dir='ltr'>adhiberi.</span> <span class='ocrx_word' id='word_1_151' title='bbox 835 2125 879 2138; x_wconf 91' lang='lat'><em>-</em></span> <span class='ocrx_word' id='word_1_152' title='bbox 902 2089 1072 2173; x_wconf 86' lang='lat' dir='ltr'>Quoniam</span> <span class='ocrx_word' id='word_1_153' title='bbox 1090 2090 1191 2173; x_wconf 87' lang='lat' dir='ltr'>igitur</span> <span class='ocrx_word' id='word_1_154' title='bbox 1282 2127 1370 2176; x_wconf 79' lang='lat' dir='ltr'>Suum</span> 
     </span>
     <span class='ocr_line' id='line_1_19' title="bbox 85 2195 1371 2306; baseline 0.002 -51"><span class='ocrx_word' id='word_1_155' title='bbox 85 2203 218 2258; x_wconf 91' lang='lat' dir='ltr'>tantum</span> <span class='ocrx_word' id='word_1_156' title='bbox 244 2195 265 2256; x_wconf 92' lang='lat' dir='ltr'>ii</span> <span class='ocrx_word' id='word_1_157' title='bbox 290 2205 430 2275; x_wconf 89' lang='lat' dir='ltr'>possunt</span> <span class='ocrx_word' id='word_1_158' title='bbox 462 2195 613 2276; x_wconf 86' lang='lat' dir='ltr'>religioni</span> <span class='ocrx_word' id='word_1_159' title='bbox 645 2195 827 2276; x_wconf 85' lang='lat' dir='ltr'>importare</span> <span class='ocrx_word' id='word_1_160' title='bbox 857 2195 1038 2272; x_wconf 89' lang='lat' dir='ltr'>commodi,</span> <span class='ocrx_word' id='word_1_161' title='bbox 1068 2195 1190 2277; x_wconf 87' lang='lat' dir='ltr'>quibus</span> <span class='ocrx_word' id='word_1_162' title='bbox 1217 2195 1371 2306; x_wconf 53' lang='lat' dir='ltr'>ruitrytlzx</span> 
     </span>
     <span class='ocr_line' id='line_1_20' title="bbox 84 2264 1360 2386; baseline 0 -26"><span class='ocrx_word' id='word_1_163' title='bbox 84 2319 158 2360; x_wconf 89' lang='lat' dir='ltr'>curn</span> <span class='ocrx_word' id='word_1_164' title='bbox 177 2297 361 2361; x_wconf 87' lang='lat' dir='ltr'>catholicae</span> <span class='ocrx_word' id='word_1_165' title='bbox 378 2297 593 2377; x_wconf 82' lang='lat' dir='ltr'>professionis</span> <span class='ocrx_word' id='word_1_166' title='bbox 609 2299 718 2380; x_wconf 86' lang='lat' dir='ltr'>gratia</span> <span class='ocrx_word' id='word_1_167' title='bbox 735 2297 865 2362; x_wconf 90' lang='lat' dir='ltr'>felicem</span> <span class='ocrx_word' id='word_1_168' title='bbox 891 2299 1039 2362; x_wconf 92' lang='lat' dir='ltr'>indolem</span> <span class='ocrx_word' id='word_1_169' title='bbox 1064 2298 1189 2381; x_wconf 89' lang='lat' dir='ltr'>ingenii</span> <span class='ocrx_word' id='word_1_170' title='bbox 1210 2264 1360 2386; x_wconf 50' lang='lat' dir='ltr'>{mlii}</span> 
     </span>
     <span class='ocr_line' id='line_1_21' title="bbox 84 2401 1351 2518; baseline 0.002 -54"><span class='ocrx_word' id='word_1_171' title='bbox 84 2401 268 2484; x_wconf 88' lang='lat' dir='ltr'>benignum</span> <span class='ocrx_word' id='word_1_172' title='bbox 281 2401 413 2466; x_wconf 91' lang='lat' dir='ltr'>Numen</span> <span class='ocrx_word' id='word_1_173' title='bbox 426 2403 597 2485; x_wconf 90' lang='lat' dir='ltr'>impertiit,</span> <span class='ocrx_word' id='word_1_174' title='bbox 607 2403 684 2466; x_wconf 90' lang='lat' dir='ltr'>ideo</span> <span class='ocrx_word' id='word_1_175' title='bbox 699 2403 732 2465; x_wconf 90' lang='lat' dir='ltr'>in</span> <span class='ocrx_word' id='word_1_176' title='bbox 749 2401 812 2466; x_wconf 94' lang='lat' dir='ltr'>hac</span> <span class='ocrx_word' id='word_1_177' title='bbox 828 2404 988 2466; x_wconf 89' lang='lat' dir='ltr'>acerrima</span> <span class='ocrx_word' id='word_1_178' title='bbox 1005 2403 1190 2486; x_wconf 83' lang='lat' dir='ltr'>agitatione</span> <span class='ocrx_word' id='word_1_179' title='bbox 1211 2403 1294 2518; x_wconf 52' lang='lat' dir='ltr'><strong><em>m</em></strong></span> <span class='ocrx_word' id='word_1_180' title='bbox 1303 2405 1351 2502; x_wconf 61' lang='lat'>{2⁴⁰</span> 
     </span>
     <span class='ocr_line' id='line_1_22' title="bbox 84 2507 1368 2596; baseline 0.002 -30"><span class='ocrx_word' id='word_1_181' title='bbox 84 2507 271 2570; x_wconf 91' lang='lat' dir='ltr'>studiorum</span> <span class='ocrx_word' id='word_1_182' title='bbox 288 2529 374 2588; x_wconf 91' lang='lat' dir='ltr'>quae</span> <span class='ocrx_word' id='word_1_183' title='bbox 392 2507 580 2590; x_wconf 88' lang='lat' dir='ltr'>Scripturas</span> <span class='ocrx_word' id='word_1_184' title='bbox 596 2529 733 2591; x_wconf 90' lang='lat' dir='ltr'>quoquo</span> <span class='ocrx_word' id='word_1_185' title='bbox 757 2509 860 2573; x_wconf 91' lang='lat' dir='ltr'>modo</span> <span class='ocrx_word' id='word_1_186' title='bbox 875 2509 1056 2590; x_wconf 87' lang='lat' dir='ltr'>attingunt,</span> <span class='ocrx_word' id='word_1_187' title='bbox 1073 2519 1189 2596; x_wconf 88' lang='lat' dir='ltr'>aptum</span> <span class='ocrx_word' id='word_1_188' title='bbox 1216 2520 1368 2596; x_wconf 64' lang='lat' dir='ltr'>irapusvrn-</span> 
     </span>
     <span class='ocr_line' id='line_1_23' title="bbox 83 2583 1329 2714; baseline 0.003 -44"><span class='ocrx_word' id='word_1_189' title='bbox 83 2609 146 2672; x_wconf 92' lang='lat' dir='ltr'>sibi</span> <span class='ocrx_word' id='word_1_190' title='bbox 162 2610 305 2693; x_wconf 91' lang='lat' dir='ltr'>quisque</span> <span class='ocrx_word' id='word_1_191' title='bbox 321 2611 448 2692; x_wconf 87' lang='lat' dir='ltr'>eligant</span> <span class='ocrx_word' id='word_1_192' title='bbox 473 2612 575 2675; x_wconf 90' lang='lat' dir='ltr'>studii</span> <span class='ocrx_word' id='word_1_193' title='bbox 592 2632 709 2694; x_wconf 89' lang='lat' dir='ltr'>genus,</span> <span class='ocrx_word' id='word_1_194' title='bbox 732 2613 765 2676; x_wconf 90' lang='lat' dir='ltr'>in</span> <span class='ocrx_word' id='word_1_195' title='bbox 783 2633 851 2696; x_wconf 93' lang='lat' dir='ltr'>quo</span> <span class='ocrx_word' id='word_1_196' title='bbox 878 2613 1062 2697; x_wconf 88' lang='lat' dir='ltr'>aliquando</span> <span class='ocrx_word' id='word_1_197' title='bbox 1077 2609 1189 2676; x_wconf 87' lang='lat' dir='ltr'>excel·</span> <span class='ocrx_word' id='word_1_198' title='bbox 1215 2583 1329 2714; x_wconf 51' lang='lat' dir='ltr'>{mu</span> 
     </span>
     <span class='ocr_line' id='line_1_24' title="bbox 83 2713 1282 2798; baseline 0.004 -23"><span class='ocrx_word' id='word_1_199' title='bbox 83 2713 200 2792; x_wconf 88' lang='lat' dir='ltr'>lentes,</span> <span class='ocrx_word' id='word_1_200' title='bbox 226 2715 358 2779; x_wconf 89' lang='lat' dir='ltr'>obiecta</span> <span class='ocrx_word' id='word_1_201' title='bbox 386 2717 418 2778; x_wconf 92' lang='lat' dir='ltr'>in</span> <span class='ocrx_word' id='word_1_202' title='bbox 447 2716 520 2779; x_wconf 89' lang='lat' dir='ltr'>illas</span> <span class='ocrx_word' id='word_1_203' title='bbox 546 2717 721 2798; x_wconf 90' lang='lat' dir='ltr'>improbae</span> <span class='ocrx_word' id='word_1_204' title='bbox 745 2717 904 2782; x_wconf 88' lang='lat' dir='ltr'>scientiae</span> <span class='ocrx_word' id='word_1_205' title='bbox 927 2718 1004 2795; x_wconf 88' lang='lat' dir='ltr'>tela,</span> <span class='ocrx_word' id='word_1_206' title='bbox 1028 2737 1095 2781; x_wconf 89' lang='lat' dir='ltr'>non</span> <span class='ocrx_word' id='word_1_207' title='bbox 1118 2717 1191 2781; x_wconf 88' lang='lat' dir='ltr'>sine</span> <span class='ocrx_word' id='word_1_208' title='bbox 1216 2731 1282 2766; x_wconf 63' lang='lat'>&#39;⁶³1¹-</span> 
     </span>
     <span class='ocr_line' id='line_1_25' title="bbox 82 2818 1346 2932; baseline 0.006 -52"><span class='ocrx_word' id='word_1_209' title='bbox 82 2818 199 2899; x_wconf 91' lang='lat' dir='ltr'>gloria,</span> <span class='ocrx_word' id='word_1_210' title='bbox 215 2819 387 2902; x_wconf 88' lang='lat' dir='ltr'>repellant.</span> <span class='ocrx_word' id='word_1_211' title='bbox 404 2857 447 2868; x_wconf 89' lang='lat'>-</span> <span class='ocrx_word' id='word_1_212' title='bbox 464 2820 541 2903; x_wconf 85' lang='lat' dir='ltr'>Quo</span> <span class='ocrx_word' id='word_1_213' title='bbox 568 2821 642 2884; x_wconf 92' lang='lat' dir='ltr'>loco</span> <span class='ocrx_word' id='word_1_214' title='bbox 666 2831 800 2903; x_wconf 88' lang='lat' dir='ltr'>gratum</span> <span class='ocrx_word' id='word_1_215' title='bbox 817 2832 870 2888; x_wconf 87' lang='lat' dir='ltr'>est</span> <span class='ocrx_word' id='word_1_216' title='bbox 885 2821 967 2887; x_wconf 91' lang='lat' dir='ltr'>illud</span> <span class='ocrx_word' id='word_1_217' title='bbox 984 2843 1045 2906; x_wconf 88' lang='lat' dir='ltr'>pro</span> <span class='ocrx_word' id='word_1_218' title='bbox 1070 2823 1190 2888; x_wconf 91' lang='lat' dir='ltr'>merito</span> <span class='ocrx_word' id='word_1_219' title='bbox 1293 2883 1346 2932; x_wconf 79' lang='lat' dir='ltr'>F&#39;d</span> 
     </span>
     <span class='ocr_line' id='line_1_26' title="bbox 81 2899 1367 3010; baseline 0.012 -27"><span class='ocrx_word' id='word_1_220' title='bbox 81 2923 302 3004; x_wconf 91' lang='lat' dir='ltr'>comprobare</span> <span class='ocrx_word' id='word_1_221' title='bbox 327 2923 564 2987; x_wconf 91' lang='lat' dir='ltr'>nonnullorum</span> <span class='ocrx_word' id='word_1_222' title='bbox 591 2923 834 2990; x_wconf 91' lang='lat' dir='ltr'>catholicorum</span> <span class='ocrx_word' id='word_1_223' title='bbox 861 2927 1048 3003; x_wconf 92' lang='lat' dir='ltr'>consilium,</span> <span class='ocrx_word' id='word_1_224' title='bbox 1071 2927 1128 3010; x_wconf 93' lang='lat' dir='ltr'>qui</span> <span class='ocrx_word' id='word_1_225' title='bbox 1152 2935 1190 2990; x_wconf 95' lang='lat' dir='ltr'>ut</span> <span class='ocrx_word' id='word_1_226' title='bbox 1215 2899 1367 2998; x_wconf 44' lang='lat' dir='ltr'>liemcule-e·</span> 
     </span>
     <span class='ocr_line' id='line_1_27' title="bbox 81 3011 1334 3142; baseline 0.006 -55"><span class='ocrx_word' id='word_1_227' title='bbox 81 3027 160 3090; x_wconf 86' lang='lat' dir='ltr'>viris</span> <span class='ocrx_word' id='word_1_228' title='bbox 178 3028 384 3092; x_wconf 84' lang='lat' dir='ltr'>doctioribus</span> <span class='ocrx_word' id='word_1_229' title='bbox 407 3039 586 3111; x_wconf 86' lang='lat' dir='ltr'>suppetere</span> <span class='ocrx_word' id='word_1_230' title='bbox 611 3031 719 3114; x_wconf 89' lang='lat' dir='ltr'>possit</span> <span class='ocrx_word' id='word_1_231' title='bbox 743 3032 834 3095; x_wconf 89' lang='lat' dir='ltr'>unde</span> <span class='ocrx_word' id='word_1_232' title='bbox 859 3031 1052 3096; x_wconf 91' lang='lat' dir='ltr'>huiusmodi</span> <span class='ocrx_word' id='word_1_233' title='bbox 1076 3031 1189 3095; x_wconf 87' lang='lat' dir='ltr'>studia</span> <span class='ocrx_word' id='word_1_234' title='bbox 1206 3011 1334 3142; x_wconf 48' lang='lat'>{2222</span> 
     </span>
     <span class='ocr_line' id='line_1_28' title="bbox 80 3131 1342 3217; baseline -0.002 -23"><span class='ocrx_word' id='word_1_235' title='bbox 80 3131 176 3194; x_wconf 90' lang='lat' dir='ltr'>omni</span> <span class='ocrx_word' id='word_1_236' title='bbox 190 3131 459 3196; x_wconf 86' lang='lat' dir='ltr'>adiumentorum</span> <span class='ocrx_word' id='word_1_237' title='bbox 476 3135 575 3214; x_wconf 90' lang='lat' dir='ltr'>copia</span> <span class='ocrx_word' id='word_1_238' title='bbox 586 3145 792 3216; x_wconf 88' lang='lat' dir='ltr'>pertractent</span> <span class='ocrx_word' id='word_1_239' title='bbox 808 3144 842 3199; x_wconf 93' lang='lat' dir='ltr'>et</span> <span class='ocrx_word' id='word_1_240' title='bbox 858 3136 1054 3217; x_wconf 89' lang='lat' dir='ltr'>provehant,</span> <span class='ocrx_word' id='word_1_241' title='bbox 1063 3135 1189 3199; x_wconf 89' lang='lat' dir='ltr'>coactis</span> <span class='ocrx_word' id='word_1_242' title='bbox 1215 3144 1342 3194; x_wconf 71' lang='lat' dir='ltr'>instaura</span> 
     </span>
    </p>
   </div>
   <div class='ocr_carea' id='block_1_8' title="bbox 1215 3209 1353 3260">
    <p class='ocr_par' dir='ltr' id='par_1_13' title="bbox 1215 3209 1353 3260">
     <span class='ocr_line' id='line_1_29' title="bbox 1215 3209 1353 3260; baseline 0 -2"><span class='ocrx_word' id='word_1_243' title='bbox 1215 3209 1353 3260; x_wconf 75' lang='lat' dir='ltr'>doctrbrum</span> 
     </span>
    </p>
   </div>
   <div class='ocr_carea' id='block_1_9' title="bbox 79 3235 1333 3326">
    <p class='ocr_par' dir='ltr' id='par_1_14' title="bbox 79 3235 1333 3326">
     <span class='ocr_line' id='line_1_30' title="bbox 79 3235 1333 3326; baseline 0.006 -29"><span class='ocrx_word' id='word_1_244' title='bbox 79 3235 310 3313; x_wconf 88' lang='lat' dir='ltr'>societatibus,</span> <span class='ocrx_word' id='word_1_245' title='bbox 324 3236 458 3316; x_wconf 88' lang='lat' dir='ltr'>largiter</span> <span class='ocrx_word' id='word_1_246' title='bbox 482 3239 641 3318; x_wconf 90' lang='lat' dir='ltr'>pecunias</span> <span class='ocrx_word' id='word_1_247' title='bbox 656 3238 766 3302; x_wconf 91' lang='lat' dir='ltr'>solent</span> <span class='ocrx_word' id='word_1_248' title='bbox 780 3238 939 3302; x_wconf 89' lang='lat' dir='ltr'>conferre.</span> <span class='ocrx_word' id='word_1_249' title='bbox 957 3238 1098 3320; x_wconf 89' lang='lat' dir='ltr'>Optima</span> <span class='ocrx_word' id='word_1_250' title='bbox 1109 3259 1189 3302; x_wconf 90' lang='lat' dir='ltr'>sane</span> <span class='ocrx_word' id='word_1_251' title='bbox 1214 3275 1333 3326; x_wconf 68' lang='lat' dir='ltr'>vinnm</span> 
     </span>
    </p>
   </div>
   <div class='ocr_carea' id='block_1_10' title="bbox 79 3342 1366 4257">
    <p class='ocr_par' dir='ltr' id='par_1_15' title="bbox 80 3342 1358 3528">
     <span class='ocr_line' id='line_1_31' title="bbox 80 3342 1358 3454; baseline 0.004 -53"><span class='ocrx_word' id='word_1_252' title='bbox 80 3349 113 3402; x_wconf 91' lang='lat' dir='ltr'>et</span> <span class='ocrx_word' id='word_1_253' title='bbox 136 3351 390 3422; x_wconf 90' lang='lat' dir='ltr'>peropportuna</span> <span class='ocrx_word' id='word_1_254' title='bbox 420 3342 626 3422; x_wconf 89' lang='lat' dir='ltr'>temporibus</span> <span class='ocrx_word' id='word_1_255' title='bbox 658 3342 820 3426; x_wconf 88' lang='lat' dir='ltr'>pecuniae</span> <span class='ocrx_word' id='word_1_256' title='bbox 851 3343 1069 3407; x_wconf 89' lang='lat' dir='ltr'>collocandae</span> <span class='ocrx_word' id='word_1_257' title='bbox 1093 3343 1189 3410; x_wconf 91' lang='lat' dir='ltr'>ratio.</span> <span class='ocrx_word' id='word_1_258' title='bbox 1210 3348 1358 3454; x_wconf 47' lang='lat' dir='ltr'>promoven-</span> 
     </span>
     <span class='ocr_line' id='line_1_32' title="bbox 81 3422 1256 3528; baseline 0.002 -22"><span class='ocrx_word' id='word_1_259' title='bbox 81 3441 161 3525; x_wconf 83' lang='lat' dir='ltr'>Quo</span> <span class='ocrx_word' id='word_1_260' title='bbox 178 3445 267 3508; x_wconf 91' lang='lat' dir='ltr'>enim</span> <span class='ocrx_word' id='word_1_261' title='bbox 286 3443 459 3506; x_wconf 90' lang='lat' dir='ltr'>catholicis</span> <span class='ocrx_word' id='word_1_262' title='bbox 477 3447 585 3508; x_wconf 89' lang='lat' dir='ltr'>minus</span> <span class='ocrx_word' id='word_1_263' title='bbox 611 3447 767 3528; x_wconf 90' lang='lat' dir='ltr'>praesidii</span> <span class='ocrx_word' id='word_1_264' title='bbox 784 3447 817 3510; x_wconf 92' lang='lat' dir='ltr'>in</span> <span class='ocrx_word' id='word_1_265' title='bbox 834 3467 896 3510; x_wconf 89' lang='lat' dir='ltr'>sua</span> <span class='ocrx_word' id='word_1_266' title='bbox 921 3447 1034 3510; x_wconf 91' lang='lat' dir='ltr'>studia</span> <span class='ocrx_word' id='word_1_267' title='bbox 1050 3465 1184 3528; x_wconf 90' lang='lat' dir='ltr'>sperare</span> <span class='ocrx_word' id='word_1_268' title='bbox 1231 3422 1256 3456; x_wconf 86' lang='lat' dir='ltr'>a.</span> 
     </span>
    </p>

    <p class='ocr_par' dir='ltr' id='par_1_16' title="bbox 80 3547 1188 3735">
     <span class='ocr_line' id='line_1_33' title="bbox 80 3547 1188 3632; baseline 0.001 -23"><span class='ocrx_word' id='word_1_269' title='bbox 80 3547 159 3610; x_wconf 90' lang='lat' dir='ltr'>licet</span> <span class='ocrx_word' id='word_1_270' title='bbox 187 3547 329 3629; x_wconf 92' lang='lat' dir='ltr'>publice,</span> <span class='ocrx_word' id='word_1_271' title='bbox 346 3568 385 3610; x_wconf 92' lang='lat' dir='ltr'>eo</span> <span class='ocrx_word' id='word_1_272' title='bbox 412 3549 654 3630; x_wconf 90' lang='lat' dir='ltr'>promptiorem</span> <span class='ocrx_word' id='word_1_273' title='bbox 682 3548 942 3632; x_wconf 85' lang='lat' dir='ltr'>effusioremque</span> <span class='ocrx_word' id='word_1_274' title='bbox 959 3559 1073 3631; x_wconf 87' lang='lat' dir='ltr'>patere</span> <span class='ocrx_word' id='word_1_275' title='bbox 1091 3547 1188 3611; x_wconf 88' lang='lat' dir='ltr'>decet</span> 
     </span>
     <span class='ocr_line' id='line_1_34' title="bbox 80 3649 1188 3735; baseline 0.003 -22"><span class='ocrx_word' id='word_1_276' title='bbox 80 3653 288 3732; x_wconf 87' lang='lat' dir='ltr'>privatorum</span> <span class='ocrx_word' id='word_1_277' title='bbox 316 3649 575 3732; x_wconf 64' lang='lat' dir='ltr'>liberalitatem</span> <span class='ocrx_word' id='word_1_278' title='bbox 607 3663 643 3716; x_wconf 92' lang='lat' dir='ltr'>ut</span> <span class='ocrx_word' id='word_1_279' title='bbox 674 3655 797 3735; x_wconf 90' lang='lat' dir='ltr'>quibus</span> <span class='ocrx_word' id='word_1_280' title='bbox 829 3673 848 3716; x_wconf 89' lang='lat' dir='ltr'>a</span> <span class='ocrx_word' id='word_1_281' title='bbox 881 3653 956 3716; x_wconf 93' lang='lat' dir='ltr'>Deo</span> <span class='ocrx_word' id='word_1_282' title='bbox 988 3652 1077 3718; x_wconf 85' lang='lat' dir='ltr'>aucti</span> <span class='ocrx_word' id='word_1_283' title='bbox 1110 3659 1188 3716; x_wconf 91' lang='lat' dir='ltr'>sunt</span> 
     </span>
    </p>

    <p class='ocr_par' dir='ltr' id='par_1_17' title="bbox 79 3753 1366 4257">
     <span class='ocr_line' id='line_1_35' title="bbox 80 3753 1366 3840; baseline 0.006 -22"><span class='ocrx_word' id='word_1_284' title='bbox 80 3753 217 3832; x_wconf 91' lang='lat' dir='ltr'>divitiis,</span> <span class='ocrx_word' id='word_1_285' title='bbox 244 3775 300 3817; x_wconf 90' lang='lat' dir='ltr'>eas</span> <span class='ocrx_word' id='word_1_286' title='bbox 327 3755 370 3818; x_wconf 92' lang='lat' dir='ltr'>ad</span> <span class='ocrx_word' id='word_1_287' title='bbox 398 3757 579 3820; x_wconf 88' lang='lat' dir='ltr'>tutandum</span> <span class='ocrx_word' id='word_1_288' title='bbox 597 3757 764 3822; x_wconf 89' lang='lat' dir='ltr'>revelatae</span> <span class='ocrx_word' id='word_1_289' title='bbox 786 3758 891 3840; x_wconf 90' lang='lat' dir='ltr'>ipsius</span> <span class='ocrx_word' id='word_1_290' title='bbox 917 3757 1090 3821; x_wconf 91' lang='lat' dir='ltr'>doctrinae</span> <span class='ocrx_word' id='word_1_291' title='bbox 1116 3755 1188 3820; x_wconf 92' lang='lat' dir='ltr'>the·</span> <span class='ocrx_word' id='word_1_292' title='bbox 1285 3777 1366 3828; x_wconf 81' lang='lat' dir='ltr'>Insis-</span> 
     </span>
     <span class='ocr_line' id='line_1_36' title="bbox 79 3843 1365 3970; baseline 0.004 -50"><span class='ocrx_word' id='word_1_293' title='bbox 79 3879 218 3922; x_wconf 87' lang='lat' dir='ltr'>saurum</span> <span class='ocrx_word' id='word_1_294' title='bbox 244 3859 347 3922; x_wconf 91' lang='lat' dir='ltr'>velint</span> <span class='ocrx_word' id='word_1_295' title='bbox 375 3871 568 3924; x_wconf 88' lang='lat' dir='ltr'>convertere</span> <span class='ocrx_word' id='word_1_296' title='bbox 600 3899 643 3910; x_wconf 94' lang='lat'>-</span> <span class='ocrx_word' id='word_1_297' title='bbox 669 3861 771 3925; x_wconf 88' lang='lat' dir='ltr'>Tales</span> <span class='ocrx_word' id='word_1_298' title='bbox 798 3872 912 3926; x_wconf 89' lang='lat' dir='ltr'>autem</span> <span class='ocrx_word' id='word_1_299' title='bbox 936 3862 1067 3926; x_wconf 91' lang='lat' dir='ltr'>labores</span> <span class='ocrx_word' id='word_1_300' title='bbox 1084 3871 1121 3926; x_wconf 92' lang='lat' dir='ltr'>ut</span> <span class='ocrx_word' id='word_1_301' title='bbox 1144 3863 1186 3926; x_wconf 92' lang='lat' dir='ltr'>ad</span> <span class='ocrx_word' id='word_1_302' title='bbox 1214 3843 1365 3970; x_wconf 48' lang='lat' dir='ltr'>{jf&#39;jssffl&#39;</span> 
     </span>
     <span class='ocr_line' id='line_1_37' title="bbox 80 3963 1355 4052; baseline 0.009 -27"><span class='ocrx_word' id='word_1_303' title='bbox 80 3983 151 4026; x_wconf 90' lang='lat' dir='ltr'>rem</span> <span class='ocrx_word' id='word_1_304' title='bbox 180 3963 337 4028; x_wconf 90' lang='lat' dir='ltr'>biblicam</span> <span class='ocrx_word' id='word_1_305' title='bbox 365 3985 441 4029; x_wconf 91' lang='lat' dir='ltr'>vere</span> <span class='ocrx_word' id='word_1_306' title='bbox 465 3965 651 4048; x_wconf 87' lang='lat' dir='ltr'>proficiant,</span> <span class='ocrx_word' id='word_1_307' title='bbox 673 3967 830 4031; x_wconf 89' lang='lat' dir='ltr'>insistant</span> <span class='ocrx_word' id='word_1_308' title='bbox 847 3967 969 4032; x_wconf 92' lang='lat' dir='ltr'>eruditi</span> <span class='ocrx_word' id='word_1_309' title='bbox 986 3967 1020 4030; x_wconf 91' lang='lat' dir='ltr'>in</span> <span class='ocrx_word' id='word_1_310' title='bbox 1038 3967 1078 4030; x_wconf 90' lang='lat' dir='ltr'>iis</span> <span class='ocrx_word' id='word_1_311' title='bbox 1101 3976 1188 4032; x_wconf 90' lang='lat' dir='ltr'>tarn-</span> <span class='ocrx_word' id='word_1_312' title='bbox 1210 3972 1355 4052; x_wconf 62' lang='lat' dir='ltr'>piusuprq</span> 
     </span>
     <span class='ocr_line' id='line_1_38' title="bbox 80 4038 1358 4158; baseline 0.005 -31"><span class='ocrx_word' id='word_1_313' title='bbox 80 4085 185 4158; x_wconf 87' lang='lat' dir='ltr'>quarn</span> <span class='ocrx_word' id='word_1_314' title='bbox 203 4068 383 4152; x_wconf 87' lang='lat' dir='ltr'>principiis,</span> <span class='ocrx_word' id='word_1_315' title='bbox 400 4090 486 4151; x_wconf 87' lang='lat' dir='ltr'>quae</span> <span class='ocrx_word' id='word_1_316' title='bbox 502 4090 602 4152; x_wconf 91' lang='lat' dir='ltr'>supra</span> <span class='ocrx_word' id='word_1_317' title='bbox 619 4090 639 4133; x_wconf 99' lang='lat' dir='ltr'>a</span> <span class='ocrx_word' id='word_1_318' title='bbox 656 4069 764 4134; x_wconf 92' lang='lat' dir='ltr'>Nobis</span> <span class='ocrx_word' id='word_1_319' title='bbox 786 4069 963 4153; x_wconf 88' lang='lat' dir='ltr'>praefinita</span> <span class='ocrx_word' id='word_1_320' title='bbox 979 4081 1080 4149; x_wconf 92' lang='lat' dir='ltr'>sunt;</span> <span class='ocrx_word' id='word_1_321' title='bbox 1107 4069 1187 4134; x_wconf 89' lang='lat' dir='ltr'>fide·</span> <span class='ocrx_word' id='word_1_322' title='bbox 1211 4038 1358 4154; x_wconf 47' lang='lat' dir='ltr'>mni?</span> 
     </span>
     <span class='ocr_line' id='line_1_39' title="bbox 80 4163 1349 4257; baseline 0.006 -25"><span class='ocrx_word' id='word_1_323' title='bbox 80 4169 225 4253; x_wconf 89' lang='lat' dir='ltr'>literque</span> <span class='ocrx_word' id='word_1_324' title='bbox 252 4182 399 4250; x_wconf 89' lang='lat' dir='ltr'>teneant,</span> <span class='ocrx_word' id='word_1_325' title='bbox 431 4173 553 4250; x_wconf 89' lang='lat' dir='ltr'>Deum,</span> <span class='ocrx_word' id='word_1_326' title='bbox 583 4163 792 4238; x_wconf 80' lang='lat' dir='ltr'>conditorem</span> <span class='ocrx_word' id='word_1_327' title='bbox 824 4185 1054 4257; x_wconf 91' lang='lat' dir='ltr'>rectoremque</span> <span class='ocrx_word' id='word_1_328' title='bbox 1078 4195 1186 4240; x_wconf 85' lang='lat' dir='ltr'>rerum</span> <span class='ocrx_word' id='word_1_329' title='bbox 1213 4171 1290 4249; x_wconf 60' lang='lat' dir='ltr'>araas</span> <span class='ocrx_word' id='word_1_330' title='bbox 1300 4171 1349 4248; x_wconf 59' lang='lat'>(¹⁷⁶</span> 
     </span>
    </p>
   </div>
   <div class='ocr_carea' id='block_1_11' title="bbox 78 4253 1339 4364">
    <p class='ocr_par' dir='ltr' id='par_1_18' title="bbox 78 4253 1339 4364">
     <span class='ocr_line' id='line_1_40' title="bbox 78 4253 1339 4364; baseline 0.011 -28"><span class='ocrx_word' id='word_1_331' title='bbox 78 4275 246 4352; x_wconf 88' lang='lat' dir='ltr'>omnium,</span> <span class='ocrx_word' id='word_1_332' title='bbox 262 4279 418 4340; x_wconf 90' lang='lat' dir='ltr'>eumdem</span> <span class='ocrx_word' id='word_1_333' title='bbox 435 4295 508 4340; x_wconf 88' lang='lat' dir='ltr'>esse</span> <span class='ocrx_word' id='word_1_334' title='bbox 525 4276 772 4360; x_wconf 90' lang='lat' dir='ltr'>Scripturarum</span> <span class='ocrx_word' id='word_1_335' title='bbox 789 4287 974 4343; x_wconf 90' lang='lat' dir='ltr'>auctorem:</span> <span class='ocrx_word' id='word_1_336' title='bbox 990 4279 1071 4343; x_wconf 86' lang='lat' dir='ltr'>nilril</span> <span class='ocrx_word' id='word_1_337' title='bbox 1088 4302 1187 4364; x_wconf 91' lang='lat' dir='ltr'>prop-</span> <span class='ocrx_word' id='word_1_338' title='bbox 1213 4253 1339 4353; x_wconf 53' lang='lat' dir='ltr'>ille‘ivnln</span> 
     </span>
    </p>
   </div>
   <div class='ocr_carea' id='block_1_12' title="bbox 0 0 1616 4888">
    <p class='ocr_par' dir='ltr' id='par_1_19' title="bbox 0 0 1616 4888">
     <span class='ocr_line' id='line_1_41' title="bbox 0 0 1616 4888; baseline 0 3"><span class='ocrx_word' id='word_1_339' title='bbox 0 0 1616 4888; x_wconf 95' lang='lat' dir='ltr'> </span> 
     </span>
    </p>
   </div>
  </div>
 </body>
</html>
