3222 4888
272 283 322 334 DE
351 283 473 334 REBUS
501 279 804 332 ECCLESIASTICIS
833 279 1032 329 POLONIAE.
1137 279 1206 350 253

101 434 344 516 Episcoporum
361 431 536 513 vigilantia
551 442 584 495 et
600 440 792 494 curatorum
809 429 982 506 industria,
998 429 1063 491 iam
1078 448 1122 490 ex
1135 431 1210 509 ipso
1251 451 1310 538 mr
1331 499 1377 540 ΤΗ

101 538 318 620 praeclariora
334 539 368 600 in
394 539 465 598 dies
491 539 669 600 nitescunt.
685 569 728 580 -
746 535 813 598 Hic
840 546 953 598 autem
981 533 1141 614 quoniam
1167 534 1210 596 de
1279 551 1353 614 1894·

103 641 266 705 Ruthenis
279 640 396 704 incidit
410 641 546 718 mentio,
562 658 637 702 eam
652 639 752 702 sinite
763 639 921 701 iteremus
932 635 1211 712 cohortationem,
1322 667 1387 716 Cum

37 794 39 797 -
102 755 137 808 ut
153 765 211 808 vos
227 763 303 808 curn
320 743 411 826 ipsis,
427 762 632 826 quamquam
650 742 819 824 originum
836 741 1029 822 rituumque
1040 738 1210 802 dissimili·
1229 729 1367 858 ssime&

102 848 183 911 tudo
214 849 408 924 intercedat,
435 847 558 910 arctius
583 846 776 910 voluntates
803 844 1037 926 amantiusque
1068 853 1212 917 societis,
1237 863 1367 911 concordia

102 961 199 1036 prout
214 971 272 1015 eos
295 952 457 1015 condecet
486 971 570 1034 quos
599 950 784 1032 regionum,
811 948 966 1024 civitatis,
994 948 1211 1029 maximeque
1230 925 1355 1040 {wag

103 1056 178 1120 fidei
194 1057 300 1120 sociat
325 1056 527 1120 communio,
546 1055 621 1118 Hos
646 1056 736 1118 enim
762 1056 848 1122 sicut
878 1053 1030 1117 Ecclesia
1054 1052 1210 1114 beneme-
1237 1058 1388 1136 ntnsEffla·

103 1170 211 1224 rentes
227 1158 375 1224 habetet
387 1159 497 1240 diligit
513 1157 609 1238 filios,
625 1159 740 1240 eisque
757 1157 926 1240 legitimas
942 1151 1211 1220 ¹consuetudines
1237 1123 1364 1249 ffb

104 1289 142 1331 ac
158 1266 240 1330 ritus
256 1263 408 1348 proprios
421 1267 564 1350 sapienti
580 1267 721 1330 consilio
734 1265 907 1348 permittit,
925 1285 992 1328 non
1020 1263 1117 1354 aliter
1143 1284 1212 1336 VOS,
1238 1269 1390 1382 ἴχαρ,

104 1370 326 1454 praecedente
342 1370 439 1448 clern,
450 1372 497 1433 sic
510 1371 634 1434 habete
649 1380 683 1433 et
699 1369 799 1432 colite
817 1378 852 1433 ut
867 1369 994 1444 iratres,
1010 1385 1152 1450 quorum
1169 1367 1213 1430 sit
1239 1385 1267 1462 n]
1276 1384 1307 1432 ar
1317 1401 1346 1462 fa

105 1495 160 1538 cor
177 1494 279 1537 unum
296 1484 330 1538 et
346 1476 459 1538 anima
475 1495 551 1550 una,
574 1494 615 1537 eo
640 1474 776 1538 demum
802 1471 1080 1554 conspirantium,
1106 1480 1142 1534 ut
1155 1471 1212 1534 uni
1238 1449 1330 1500 ‘'um''

106 1577 180 1641 Deo
196 1586 229 1641 et
247 1577 396 1641 Domino
412 1577 635 1660 amplificetur
651 1579 767 1660 gloria,
782 1577 949 1659 simulque
961 1575 1086 1640 fructus
1102 1576 1212 1638 omnis

105 1680 250 1744 iustitiae
267 1681 531 1763 multiplicentur
548 1681 583 1744 in
592 1678 818 1763 pulcritudine
821 1679 923 1762 pacis.

149 1782 284 1847 Libenti
301 1786 425 1867 pariter
440 1785 555 1847 animo
571 1786 758 1848 orationem
775 1785 818 1846 ad
836 1803 895 1846 vos
906 1783 1142 1861 convertimus,
1155 1786 1214 1866 qui
1289 1801 1319 1856 3⁰
1334 1795 1393 1844 Illis

105 1887 310 1976 provinciam
322 1887 704 1951 incolitianesnensem
718 1896 750 1950 et
764 1885 1214 1968 Posnaniensem.Siquidem
1240 1861 1359 1974 {J‘Jnfg‘

106 1993 169 2054 hoc
195 1992 280 2054 inter
295 2000 405 2055 cetera
430 2002 563 2074 gratum
579 2001 630 2055 est
657 1991 832 2067 recordari,
857 1991 1144 2072 quemadmodum
1170 2011 1214 2054 ex
1241 1991 1350 2103 izperio

106 2095 234 2159 civibus
256 2097 336 2180 ipsis
362 2097 489 2173 vestris,
505 2098 656 2159 omnium
685 2105 721 2158 ut
748 2103 842 2158 erant
869 2104 957 2172 vota,
984 2096 1027 2158 ad
1053 2095 1215 2159 illustrem
1238 2063 1393 2185 }m³;f,'l²atiur

107 2200 214 2263 sancti
230 2199 408 2263 Adalberti
429 2201 544 2262 sedem
561 2201 669 2263 virum
686 2199 861 2262 eveximus
878 2199 1013 2279 pietate,
1029 2199 1217 2280 prudentia,
1242 2187 1391 2302 §swa

107 2304 249 2367 caritate
264 2305 439 2368 eximium.
455 2302 592 2367 Gratius
616 2313 666 2368 est
690 2313 803 2366 autem
821 2302 945 2380 videre,
959 2323 1027 2385 qua
1053 2323 1113 2366 vos
1138 2305 1216 2366 obe·
1242 2319 1393 2367 tiaeramo-

1244 2399 1270 2430 l'e
1282 2398 1344 2432 novo

107 2415 244 2492 dientia,
260 2435 327 2498 quo
339 2435 453 2478 amore
469 2415 705 2498 gubernationi
721 2416 792 2479 eius
809 2415 883 2478 miti
895 2435 1123 2499 operosaeque
1136 2437 1217 2480 una·
1244 2449 1360 2496 ,nh-„m-

108 2519 192 2582 nimi
208 2519 382 2582 studeatis:
395 2539 439 2580 ex
453 2539 519 2602 quo
532 2539 608 2583 vere
624 2519 838 2600 sperandum,
849 2519 1019 2601 religionis
1032 2521 1218 2584 catholicae
1247 2515 1386 2564 Gnesnmsr

107 2632 234 2686 Statum
261 2621 330 2685 s0¹⁸
355 2623 444 2703 apud
472 2643 532 2687 vos
556 2624 652 2688 bonis
680 2625 833 2687 auctibus
859 2625 1011 2706 quotidie
1036 2624 1217 2688 laetiorem.
1238 2582 1378 2644 pram

110 2725 242 2790 Eadem
258 2747 337 2790 vero
352 2747 428 2809 spes
445 2749 512 2808 quo
530 2728 637 2810 magis
660 2726 843 2792 affirmetur
869 2729 1062 2811 optatisque
1087 2728 1219 2810 plenius

108 2830 319 2911 respondeat,
331 2849 397 2894 non
409 2831 481 2894 sine
491 2851 609 2895 caussa
620 2832 772 2895 iubemus
784 2852 843 2895 vos
858 2834 1094 2914 magnanimae
1105 2835 1219 2916 aequi·
1245 2797 1395 2911 mim.

109 2935 173 2998 tati
189 2931 355 2997 confidere
366 2935 567 2998 serenissimi
585 2935 822 3016 Imperatoris;
838 2937 932 2997 cuius
956 2947 1127 3016 praeterea
1145 2956 1219 3018 pro·
1244 2929 1398 3042 ww]

110 3057 250 3120 pensam
264 3041 297 3102 in
314 3059 373 3102 vos
390 3061 429 3104 ac
445 3041 643 3104 benevolam
662 3051 811 3104 mentem
829 3061 875 3104 ex
895 3041 974 3121 lpso
989 3033 1103 3106 coram
1129 3042 1218 3106 haud
1246 3058 1384 3108 valentissi-

109 3143 214 3207 semel
245 3147 469 3226 pernovimus,
492 3165 575 3208 sane
602 3145 795 3209 adfuturam
824 3145 928 3224 vobis,
959 3146 992 3208 in
1020 3146 1221 3210 verecundia
1247 3141 1326 3174 vnum.

109 3247 235 3330 legum,
250 3249 284 3312 in
297 3251 458 3333 omnique
474 3259 562 3314 recte
576 3248 740 3314 factorum
758 3250 939 3314 christiana
956 3251 1055 3314 laude
1071 3267 1221 3334 perseve-

110 3353 273 3418 rantibus.

158 3455 265 3534 Haec,
289 3455 508 3521 Venerabiles
534 3457 678 3536 Fratres,
703 3458 911 3540 praescripta
941 3465 976 3521 et
1005 3457 1221 3523 hortamenta
1328 3488 1398 3538 Haec

109 3559 270 3643 gregibus
297 3561 437 3643 quisque
464 3562 581 3625 vestris
608 3563 655 3626 sic
682 3563 844 3627 nuntietis
870 3562 1020 3641 velimus,
1048 3573 1085 3627 ut
1111 3567 1222 3630 vestra
1248 3555 1393 3669 mlius

109 3664 216 3728 etiam
231 3664 334 3746 operi
350 3664 571 3729 fructuosiora
587 3667 755 3732 eveniant.
773 3668 813 3730 ln
829 3667 881 3730 his
907 3675 1093 3750 agnoscant
1121 3669 1221 3730 caris·
1249 3687 1401 3735 inculcanda

109 3768 189 3859 simi
207 3765 264 3830 filii
280 3787 382 3850 quam
400 3789 524 3851 magno
540 3771 688 3852 ipsorum
705 3773 815 3852 gratia
842 3771 964 3835 aflectu
992 3771 1143 3834 caritatis
1170 3792 1223 3834 ur·
1248 3752 1401 3816 mmuh

109 3891 231 3955 gemur
246 3893 254 3951 ;
268 3872 352 3936 haec
368 3885 480 3938 autem
509 3877 581 3958 ipsi,
597 3886 633 3940 ut
649 3877 901 3958 optatissimum
927 3877 1036 3941 Nobis
1064 3886 1125 3952 est,
1152 3878 1224 3958 pari

110 3977 282 4058 accipiant
298 3977 511 4044 observantia
527 3989 561 4045 et
577 3983 712 4063 pietate.
729 3982 826 4064 Quae
842 3982 979 4065 quidem
993 3983 1020 4044 si
1037 3981 1226 4063 diligenter,
1253 4007 1291 4061 ut,
1308 3999 1402 4048 tisser-

112 4079 149 4142 id
165 4080 257 4161 quod
274 4101 335 4163 pro
351 4089 441 4145 certo
458 4083 631 4161 habemus,
658 4093 919 4169 constanterque
950 4085 1123 4162 coluerint,
1150 4106 1225 4168 pro·
1252 4067 1383 4194 {ffi’a‘asp

113 4181 207 4245 secto
223 4193 381 4265 poterunt
396 4204 500 4266 quum
514 4185 592 4250 fidei
605 4207 650 4250 ex
666 4197 858 4270 temporum
887 4188 1052 4270 gravitate
1079 4187 1226 4269 pericula
1252 4197 1293 4246 des
1304 4197 1404 4258 integra

114 4285 295 4363 declinare,
306 4295 377 4350 tum
388 4297 520 4370 patrum
533 4292 765 4356 memorabilia
777 4292 897 4356 decora
908 4290 1084 4368 custodire,
1095 4291 1225 4354 animos
1249 4267 1398 4328 ‘mama‘
