3216 4880
420 272 492 363 308
550 289 739 340 errsnne
764 288 1020 340 apostoncae
1047 277 1067 305 ⁴‘
1086 287 1370 340 orusumruu.
1391 265 1408 292 '⁸

237 451 377 510 ymarum.
419 442 534 523 possit,
557 440 598 503 ad
625 437 870 520 Religiosarum
899 438 1113 514 Sodalitates,
1134 437 1253 519 puellis
1280 433 1463 498 educandis
1484 435 1513 496 in

418 547 588 610 asceteriis
605 545 795 627 scholisque
811 546 955 610 deditas.
972 543 1072 627 Quod
1098 546 1126 606 si
1153 562 1219 624 qua
1244 541 1440 605 immutatio
1462 561 1515 622 per

417 659 571 732 tempora
587 659 620 711 et
637 668 688 712 res
703 659 894 730 opportuna
911 649 1073 724 inciderit,
1089 668 1128 711 ea
1156 666 1222 710 non
1248 655 1328 709 ante
1344 643 1404 708 liat
1419 665 1514 727 quam

417 754 630 818 Patriarchae
668 772 850 818 consensus
886 752 1062 815 accesserit
1101 761 1134 812 et
1169 749 1267 812 venia
1299 747 1516 830 Apostolicae

308 881 339 932 5⁰
350 873 390 920 De
417 857 523 924 SedlS.

264 937 390 1051 ‘mill
458 961 500 1026 V.
518 961 624 1040 Nova,
640 961 704 1025 ritu
721 961 835 1036 latino,
851 961 1032 1024 iuventutis
1049 959 1190 1040 collegia
1215 958 1268 1022 vel
1290 960 1412 1022 domus
1431 957 1515 1019 Reli·

254 1066 386 1129 Relitioso·
414 1068 582 1148 giosorum
608 1066 763 1129 utriusvis
790 1083 892 1127 sexus
918 1084 959 1126 ne
987 1065 1018 1126 in
1047 1072 1219 1146 posterum
1236 1063 1440 1144 aperiantur,
1458 1059 1516 1122 nisi

277 1148 336 1180 rum
348 1135 389 1183 vel
565 1167 572 1184 .
1063 1171 1070 1182 ,

234 1197 340 1258 carogio
350 1199 386 1246 ra.
414 1167 614 1250 Apostolrca
631 1167 719 1232 Sede
735 1181 852 1252 rogata
868 1179 902 1232 et
918 1179 1160 1233 consentiente.

209 1261 286 1376 “5²2''
296 1264 382 1376 m
430 1321 432 1324 .
457 1265 518 1336 VI.
536 1273 742 1354 Presbyteris
767 1282 838 1335 tum
867 1273 979 1336 latinis
1004 1285 1076 1336 tum
1102 1272 1330 1348 orientalibus,
1347 1290 1458 1352 neque
1485 1273 1514 1331 in

231 1395 351 1468 solmone
367 1409 384 1442 a
410 1375 487 1452 suis,
504 1395 612 1458 neque
629 1377 661 1438 in
678 1377 777 1440 alieni
795 1379 877 1441 ritus
893 1379 1051 1456 ecclesiis,
1068 1379 1118 1442 fas
1146 1389 1196 1440 est
1222 1395 1426 1459 quemquam
1456 1375 1516 1438 ab·

232 1459 382 1590 calm?
410 1479 538 1544 solvere
551 1501 569 1542 a
582 1481 713 1544 casibus
729 1483 786 1563 qui
802 1485 870 1546 suis
887 1484 1048 1568 cuiusque
1062 1483 1249 1548 Ordinariis
1266 1482 1331 1544 sint
1348 1481 1516 1554 reservati,

410 1585 473 1650 nisi
491 1585 650 1650 facultate
666 1587 709 1650 ab
726 1587 851 1650 eisdem
869 1589 1052 1670 permissa:
1068 1607 1135 1670 qua
1152 1588 1184 1650 in
1203 1607 1238 1649 re
1255 1585 1398 1669 quodvis
1415 1587 1514 1666 privi-

409 1689 543 1772 legium,
562 1691 613 1753 vel
631 1691 768 1772 speciali
787 1693 957 1755 mentione
981 1691 1132 1774 dignum,
1149 1710 1283 1773 prorsus
1307 1707 1515 1753 revocamus

254 1793 379 1870 ,70040-
452 1795 534 1858 Vll.
552 1794 781 1859 Orientalibus
799 1795 855 1877 qui
883 1797 983 1859 ritum
1010 1795 1163 1874 latinum,
1178 1795 1309 1858 etiamsi
1334 1813 1380 1858 ex
1406 1793 1515 1874 ponti·

230 1861 381 1974 plegqqqnpis
410 1896 484 1960 ticio
501 1898 669 1980 rescripto,
684 1900 902 1981 susceperint,
917 1910 1082 1964 revertere
1098 1899 1140 1964 ad
1157 1899 1346 1982 pristinum,
1363 1897 1514 1978 Aposto-

228 1991 379 2106 mm]
409 2001 472 2065 lica
489 2001 578 2066 Sede
592 2014 744 2078 exorata,
760 2003 883 2068 licebit.

230 2121 342 2171 annuus.
451 2105 552 2170 VIll.
570 2104 702 2169 Mulieri
720 2107 814 2170 latini
831 2108 913 2170 ritus
929 2127 1016 2190 quae
1032 2107 1102 2172 viro
1120 2107 1270 2189 nupserit
1295 2107 1378 2169 ritus
1403 2105 1512 2169 orien-

227 2187 379 2313 spmlfdss‘
408 2209 492 2285 talis,
508 2229 615 2291 aeque
631 2229 670 2272 ac
688 2209 816 2274 mulieri
833 2211 988 2275 orientali
1005 2231 1090 2294 quae
1118 2213 1268 2292 nupserit
1294 2211 1411 2286 latino,
1428 2209 1512 2274 inte-

227 2317 293 2365 versi
302 2313 375 2367 ritus.
406 2333 503 2395 grum
519 2316 582 2378 erit
598 2324 635 2380 ut
647 2315 689 2378 ad
708 2315 808 2378 ritum
824 2314 895 2390 viri,
907 2316 1055 2378 ineundo
1066 2313 1118 2378 vel
1130 2315 1273 2378 durante
1284 2312 1512 2387 matrimonio,

406 2427 569 2482 transeat:
587 2419 804 2482 matrimonio
816 2428 929 2482 autem
946 2418 1066 2496 solut0,
1079 2418 1269 2482 resumendi
1287 2417 1414 2500 proprii
1431 2418 1513 2482 ritus

340 2564 349 2590 s
406 2523 509 2586 libera
525 2523 587 2586 erit
604 2533 765 2606 potestas.

299 2641 327 2694 φ’
338 2631 377 2680 De
452 2627 512 2690 IX.
530 2625 743 2710 Quicumque
758 2627 939 2704 orientalis,
955 2641 1052 2692 extra
1068 2627 1291 2711 patriarchale
1306 2627 1510 2691 territorium

229 2697 365 2744 Ommati-
805 2732 848 2746 „
938 2733 946 2746 ,
1048 2733 1056 2746 ,
1160 2733 1167 2746 ,

226 2763 271 2810 tus
282 2762 376 2824 qum,
405 2750 627 2802 commorans,
643 2731 706 2794 sub
721 2731 1012 2796 admmrstratrone
1029 2741 1072 2795 srt
1088 2733 1167 2795 clerr
1185 2733 1288 2808 latrnr,
1301 2740 1379 2794 rrtur
1396 2740 1510 2795 tamen

226 2835 268 2876 rra
276 2827 376 2903 terrio·
406 2853 467 2894 suo
483 2834 693 2913 permanebit
708 2835 911 2916 adscriptus;
929 2836 975 2898 ita
991 2847 1036 2910 ut,
1053 2836 1134 2899 nihil
1154 2835 1379 2898 diuturnitate
1402 2833 1510 2896 aliave
1588 2847 1589 2856 ¹

253 2909 323 2940 rrum
332 2902 377 2955 pa·

242 2957 378 3006 triarchas
406 2955 523 2999 caussa
550 2937 617 3000 ulla
645 2935 857 3020 suffragante,
882 2939 1008 3004 recidat
1038 2940 1071 3003 in
1103 2939 1266 3002 ditionem
1288 2937 1513 3008 Patriarchae,

225 3039 377 3071 commoran-

225 3095 276 3136 tur.
406 3040 505 3102 simul
521 3059 560 3102 ac
577 3041 609 3102 in
628 3039 698 3103 eius
715 3043 917 3107 territorium
935 3044 1107 3107 revenerit.

282 3163 324 3201 ιον
337 3153 377 3202 De
450 3143 492 3207 X.
516 3143 618 3220 Nulli,
634 3145 790 3208 utriusvis
816 3166 927 3223 sexus,
944 3145 1067 3212 Ordini
1093 3147 1145 3210 vel
1168 3149 1328 3212 lnstituto
1355 3145 1510 3228 religioso

239 3217 376 3267 Orientali·
454 3249 462 3262 ·
491 3249 499 3263 ·
534 3250 540 3264 .
894 3252 901 3266 .
1080 3249 1087 3265 .

225 3283 270 3330 hu,
288 3283 317 3331 tn
337 3301 376 3332 „,
405 3248 499 3312 latmr
515 3257 607 3326 rrtus,
624 3269 827 3333 quemquam
853 3250 1052 3314 orientalem
1079 3261 1164 3315 mter
1191 3251 1324 3315 sodales
1351 3269 1430 3313 suos
1458 3249 1506 3311 fas

240 3429 245 3438 ι
257 3413 280 3458 I,
291 3349 376 3423 dasem
405 3353 467 3416 erit
483 3353 637 3436 recipere,
649 3355 706 3435 qui
717 3355 841 3436 proprii
858 3354 1027 3420 Ordinarii
1040 3355 1283 3418 testimoniales
1296 3355 1425 3418 litteras
1443 3371 1508 3415 non

227 3429 378 3528 ἷίιὲἷῖᾝζ
406 3467 484 3520 ante
500 3456 701 3523 exhibuerit.

228 3545 375 3605 cooprandrs.
449 3561 510 3624 XI.
528 3561 564 3626 Si
581 3582 647 3643 qua
663 3583 707 3625 ex
723 3562 962 3627 dissidentibus
978 3563 1204 3627 communitas
1225 3561 1276 3624 vel
1301 3561 1430 3625 familia
1453 3561 1503 3620 vel

316 3621 326 3644 0

225 3611 378 3788 bclqpqunnlf
406 3681 548 3744 persona
569 3664 613 3728 ad
637 3665 836 3730 catholicam
856 3669 1020 3732 unitatem
1046 3669 1183 3744 venerit,
1199 3666 1395 3730 conditione
1418 3663 1509 3727 velut

251 3809 326 3852 „um
339 3821 376 3854 ca·
405 3767 590 3830 necessaria
614 3768 810 3849 interposita
837 3770 1062 3852 amplectendi
1089 3771 1183 3833 latini
1209 3769 1301 3845 ritus,
1328 3769 1406 3832 huic
1433 3765 1508 3830 ritui

253 3867 376 3984 ,wi-¹
405 3879 576 3932 remaneat
602 3889 641 3933 ea
670 3871 806 3953 quidem
832 3875 875 3936 ad
902 3883 1035 3956 tempus
1062 3873 1232 3949 adstricta,
1248 3874 1281 3936 in
1299 3871 1372 3936 eius
1395 3881 1506 3934 tamen

224 3998 276 4048 tus.
368 3963 377 3975 ’
405 3981 573 4056 potestate
588 3973 631 4036 sit
647 3975 690 4037 ad
705 3975 854 4040 nativum
868 3979 969 4041 ritum
983 3977 1184 4041 catholicum
1198 3977 1382 4060 aliquando
1393 3975 1506 4037 redire.

405 4075 440 4141 Si
461 4095 538 4138 vero
554 4077 718 4142 eiusmodi
735 4082 886 4145 conditio
902 4101 968 4144 non
995 4081 1227 4155 intercesserit,
1243 4081 1301 4143 sed
1331 4079 1409 4142 ideo
1435 4077 1504 4158 ipsa

404 4179 637 4258 communitas,
654 4181 792 4260 familia,
817 4205 960 4266 persona
987 4205 1007 4247 a
1032 4185 1146 4248 latinis
1171 4184 1375 4267 presbyteris
1399 4181 1503 4246 admi-

408 4283 565 4346 nistretur
581 4285 660 4365 quia
677 4287 788 4351 desint
804 4289 994 4366 orientales,
1014 4289 1268 4370 regrediendum
1297 4287 1361 4369 ipsi
1377 4287 1440 4350 erit
1462 4283 1502 4348 ad
1586 4333 1587 4376 ,
