3296 4886
401 301 448 354 20
543 297 740 352 *bresanus
768 297 1024 350 asoscorncrua
1056 284 1076 315 “
1096 271 1346 349 smnumn1'’.

395 452 546 516 omnium
563 451 703 517 Sueciae
725 459 925 530 sanctorum,
953 461 1024 515 tum
1053 449 1247 533 praesertim
1269 448 1414 515 Sanctae
1430 449 1503 513 Bir-

394 557 499 640 gittae
514 576 600 638 quae
612 556 697 620 sicut
709 555 1004 638 praestantissimis
1026 556 1213 632 virtutibus,
1234 555 1281 618 ita
1306 553 1503 636 praeclaris·

394 659 487 722 simis
512 657 576 720 Dei
595 657 787 722 muneribus
811 657 995 722 luculenter
1029 655 1160 723 effulsit
1192 655 1324 740 Quibus
1350 677 1369 720 e
1395 657 1506 736 rebus,

395 763 484 846 quod
496 763 622 826 bonum
638 761 852 846 faustumque
869 765 912 828 sit
931 763 1248 840 ecclesiaeSueciae,
1261 771 1295 826 et
1315 761 1503 826 christianis

394 866 550 930 omnibus
581 866 669 930 illius
703 869 847 949 regionis
878 869 1080 948 benevertat,
1112 886 1268 949 suprema
1302 865 1503 930 auctoritate

248 984 369 1061 sanatam
395 971 521 1036 Nostra
536 991 595 1052 per
610 971 670 1034 has
686 969 812 1036 litteras
830 971 1189 1055 SanctamBirgittam
1207 971 1343 1036 viduam
1364 969 1502 1034 vicaria·

230 1048 371 1162 B'ffissz
396 1087 449 1141 tus
477 1075 665 1160 Apostolici
688 1095 728 1140 ac
754 1077 857 1141 totius
882 1078 975 1160 regni
1003 1078 1144 1142 Sueciae
1174 1076 1388 1160 praecipuam
1412 1074 1503 1157 apud

172 1201 184 1250 f
273 1179 369 1242 praeci·
397 1180 508 1243 Deum
538 1188 716 1262 patronam
741 1179 983 1258 constituimus,
1012 1183 1255 1246 renunciamus,
1284 1178 1402 1262 Atque
1426 1177 1506 1243 ideo

215 1243 370 1358 puapmla’pl·
395 1283 550 1348 volumus
565 1293 603 1347 ut
618 1284 663 1347 ibi
679 1284 825 1348 Sanctae
841 1283 1004 1367 Birgittae
1021 1286 1135 1350 omnia
1158 1282 1331 1368 privilegia
1340 1292 1374 1348 et
1384 1302 1503 1347 omnes

229 1375 366 1434 constituit,
394 1385 677 1465 honorificentiae,
700 1405 787 1470 quae
807 1389 994 1471 praecipuis
1017 1389 1166 1454 locorum
1184 1389 1337 1452 Patronis
1363 1389 1407 1451 de
1433 1388 1504 1450 iure

250 1509 368 1579 psaesen-
395 1499 600 1572 competunt,
624 1490 658 1552 in
689 1500 864 1573 posterum¹
887 1493 1129 1570 adiudicentur,
1150 1491 1351 1556 deferantur.
1379 1491 1505 1554 Decer-

220 1576 370 1682 ,m'e'j‘j'sszf
395 1605 512 1659 nentes
527 1595 588 1658 has
615 1597 806 1677 praesentes
835 1596 962 1662 litteras
993 1596 1113 1675 firmas,
1140 1598 1268 1662 validas
1295 1605 1329 1660 et
1352 1593 1504 1658 efficaces

219 1700 272 1748 vim
295 1705 369 1762 arque
393 1717 525 1779 semper
535 1699 679 1760 existere
688 1709 722 1760 et
731 1697 810 1776 fore,
827 1718 971 1782 suosque
989 1701 1156 1782 plenarios
1165 1709 1199 1764 et
1209 1701 1355 1782 integros
1365 1697 1508 1764 effectus

205 1765 368 1878 ‘fimat‘
394 1803 502 1866 sortiri
518 1811 552 1864 et
567 1802 727 1878 obtinere,
736 1822 775 1866 ac
791 1803 866 1880 illis,
883 1805 925 1866 ad
942 1823 1027 1885 quos
1043 1813 1173 1887 spectat
1194 1813 1229 1867 et
1261 1823 1322 1885 pro
1351 1811 1507 1884 tempore

395 1903 648 1990 quomodolibet
664 1905 837 1987 spectabit,
848 1906 880 1968 in
897 1909 1053 1971 omnibus
1064 1917 1097 1972 et
1107 1929 1166 1990 per
1176 1907 1290 1972 omnia
1312 1906 1507 1990 plenissime

394 2008 579 2090 suffragari.
595 2006 673 2071 Non
689 2009 901 2073 obstantibus
918 2014 1213 2076 constitutionibus
1229 2020 1263 2076 et
1284 2008 1507 2075 ordinationi·

395 2114 457 2176 bus
474 2109 688 2192 Apostolicis,
703 2114 887 2195 ceterisque
908 2115 1082 2178 contrariis
1102 2115 1375 2198 quibuscumque.
1398 2112 1506 2178 Volu-

397 2235 471 2279 mus
497 2225 609 2276 autem
638 2212 677 2276 'ut
706 2217 932 2296 praesentium
964 2217 1151 2280 litterarum
1177 2218 1407 2298 transumptis,
1441 2234 1502 2278 seu

396 2316 561 2399 exemplis
591 2315 691 2380 etiam
719 2317 888 2400 impressis
913 2339 1014 2382 manu
1045 2321 1185 2385 alicuius
1220 2321 1339 2384 notarii
1380 2317 1507 2402 publici

396 2420 590 2502 subscriptis
606 2429 639 2483 et
654 2420 763 2502 sigillo
779 2441 941 2504 personae
954 2424 987 2487 in
1000 2425 1225 2489 ecclesiastica
1240 2425 1405 2506 dignitate
1426 2441 1510 2486 con·

396 2527 534 2590 stitutae
550 2524 686 2588 munitis
702 2524 820 2588 eadem
837 2545 970 2609 prorsus
981 2527 1063 2592 fides
1074 2530 1280 2607 adhibeatur,
1300 2548 1392 2612 quae
1411 2527 1509 2591 adhi-

398 2633 528 2695 beretur
544 2629 623 2710 ipsis
644 2629 874 2711 praesentibus
888 2633 916 2693 si
929 2631 1037 2696 forent
1053 2633 1225 2698 exhibitae
1243 2633 1294 2697 vel
1318 2643 1482 2696 ostensae.

441 2735 568 2797 Datum
587 2731 716 2795 Romae
732 2735 821 2816 apud
840 2734 873 2800 S.
892 2735 1025 2800 Petrum
1041 2739 1104 2802 sub
1123 2737 1223 2802 anulo
1249 2737 1426 2802 Piscatoris
1451 2734 1511 2800 die

402 2859 413 2903 1
443 2837 599 2904 Octobris
630 2849 827 2916 Mucccxct,
854 2839 1072 2904 Pontificatus
1104 2841 1220 2906 Nostri
1250 2861 1340 2906 anno
1374 2840 1515 2904 decimo

336 2966 342 2978 ‘
398 2953 526 3028 quart0.

896 3027 948 3094 M.
965 3030 1062 3097 Card.
1082 3029 1459 3100 LEDOCHOWSKI.
