3296 4886
260 646 320 704 Ad
344 645 548 716 Episcopus
571 643 766 702 Americae
792 643 1112 714 septentrionalis.

130 1265 519 1410 QMPLITUDO
529 1269 604 1333 Tua
621 1270 725 1352 probe
737 1271 845 1334 noscit
862 1271 992 1334 ardenti
1009 1267 1123 1333 studio
1139 1288 1246 1351 nuper
1306 1295 1386 1382 ΜΞΝ

189 1383 268 1538 Α
295 1415 320 1488 3
344 1373 377 1434 in
395 1373 460 1435 ista
476 1371 634 1438 Statuum
658 1371 922 1438 Foederatorum
940 1373 1127 1455 Republica
1144 1391 1244 1454 quae·
1311 1393 1383 1455 1892.

131 1493 156 1560 sp
285 1475 488 1637 gstionem
518 1477 562 1538 de
591 1475 778 1539 catholicae
814 1476 997 1540 iuventutis
1033 1476 1244 1539 institutione
1307 1509 1423 1569 Quaestio

129 1563 284 1638 &mm
344 1581 507 1662 agitatam
525 1579 635 1644 luisse.
663 1579 870 1645 Huiusmodi
893 1579 1130 1663 disceptationi
1151 1600 1245 1644 occa·
1271 1574 1312 1687 ᾖ
1321 1573 1422 1699 cml:

130 1689 265 1750 sionem
293 1684 448 1769 praebuit
478 1685 646 1766 quaedam
684 1684 874 1750 Conventio
904 1686 948 1749 ab
979 1683 1245 1766 Archiepiscopo
1271 1703 1421 1752 turdimu-

131 1790 167 1856 S.
183 1789 277 1854 Pauli
308 1790 391 1853 inita
422 1789 532 1869 quoad
566 1787 651 1852 duas
675 1787 817 1854 Scholas
844 1789 1051 1870 parochiales
1082 1788 1114 1852 in
1147 1789 1243 1870 pagis
1268 1771 1423 1898 mma

128 1895 314 1959 Farr‘bault
327 1905 361 1957 et
378 1891 583 1958 Stillewater
596 1893 792 1957 existentes.
1264 1900 1422 2015 ςιόιέςιηὶεσιθῖ-

178 1997 399 2078 Compertum
423 2015 505 2058 sane
531 2005 591 2070 est,
627 1994 789 2060 Sanctam
812 1994 935 2060 Sedem
971 1997 1064 2060 omni
1092 2007 1245 2079 ternpore
1270 2031 1363 2079 dem-5

131 2101 287 2166 maxima
302 2097 527 2164 sollicitudine
548 2099 740 2181 invigilasse
757 2109 792 2163 ut
809 2101 946 2164 salutari
963 2102 1118 2165 doctrina
1131 2101 1244 2165 iuven·
1272 2097 1411 2145 Anserem.

131 2217 190 2269 tus
221 2205 428 2268 imbueretur
447 2212 550 2285 atque
578 2224 598 2266 a
625 2204 737 2266 noxiis
762 2215 929 2285 arceretur
957 2206 1114 2286 pascuis3
1143 2215 1245 2288 atque
1301 2264 1423 2313 cmm

130 2311 218 2374 haec
234 2311 307 2392 ipsa
332 2308 367 2374 S.
383 2307 619 2390 Congregatio,
635 2307 750 2371 oculos
766 2329 847 2372 suae
871 2307 1066 2391 vigilantiae
1084 2309 1127 2372 ad
1143 2309 1242 2372 istam
1270 2329 1297 2405 s.
1309 2328 1422 2406 sedisol·

130 2413 306 2494 regionem
334 2409 534 2492 iampridem
571 2419 778 2487 convertens,
807 2409 1069 2474 Instructionem
1100 2411 1219 2474 indea
1263 2459 1420 2524 surrurju-

130 2535 225 2579 anno
238 2517 317 2595 1875
336 2513 502 2578 edendam
515 2514 651 2591 curavit,
664 2533 750 2595 quae
760 2513 802 2576 de
818 2513 960 2594 publicis
973 2515 1096 2579 scholis
1112 2518 1244 2598 agebat.
1270 2530 1360 2573 ventus
1374 2538 1412 2571 sa-

130 2619 196 2685 Cui
212 2619 434 2682 adhaerentes
451 2617 566 2680 Patres
588 2618 677 2681 tertii
695 2617 836 2683 Concilii
855 2619 998 2682 Plenarii
1021 2619 1243 2684 Baltimoren-
1269 2590 1354 2704 2⁴52?
1368 2588 1422 2703 ἷζε

130 2726 177 2787 sis
192 2725 226 2786 in
244 2723 277 2788 id
294 2741 418 2786 omnen
437 2741 551 2784 curam
573 2721 820 2802 impenderunt,
836 2733 873 2786 ut
889 2724 1098 2789 iuventutem
1127 2726 1243 2790 catho-
1270 2721 1395 2834 {must

130 2827 231 2890 licam
248 2826 293 2890 ab
308 2827 401 2889 omni
412 2825 569 2890 vitiorum
581 2834 613 2887 et
630 2824 748 2889 erroris
764 2825 839 2888 labe
851 2826 1055 2892 incolumem
1072 2840 1243 2892 servarent
1269 2849 1423 2900 crionidarae

129 2943 166 2996 et
181 2930 371 3012 apericulis
396 2927 606 2992 educationis
632 2927 803 3010 principiis
831 2927 908 2992 fidel
925 2939 959 2994 et
992 2951 1123 2996 morum
1153 2932 1242 2996 haud
1271 2917 1420 3043 Signiae,

129 3033 334 3098 informatae
358 3032 584 3097 defenderent.
602 3030 818 3114 Quapropter
841 3035 1100 3114 prudentissime
1117 3045 1244 3100 statue·
1270 3048 1403 3096 adtrahere

130 3147 211 3203 runt
227 3148 264 3202 ut
280 3139 313 3201 in
330 3136 471 3218 singulis
482 3135 701 3199 Dioecesibus
718 3155 992 3220 unamquamque
1008 3159 1130 3221 propre
1140 3140 1244 3203 eccle.
1271 3114 1383 3228 {mu

130 3244 219 3306 siam
230 3241 365 3305 scholae
373 3241 588 3322 erigerentur,
601 3239 633 3301 in
645 3239 767 3322 quibus
782 3240 1026 3306 catholicorum
1037 3241 1171 3306 soboles
1181 3245 1244 3305 sub
1272 3244 1394 3292 aarum.

130 3345 434 3410 ecclesiasticorum
464 3345 639 3408 Pastorum
679 3345 880 3408 auctoritate
906 3353 940 3408 et
968 3345 1153 3408 directione
1178 3367 1245 3408 non
1272 3321 1423 3422 missii

132 3449 247 3514 minus
274 3449 392 3513 litteris
413 3449 635 3531 ingenuisque
645 3449 772 3512 artibus
788 3468 890 3531 quam
917 3449 1078 3532 religione
1094 3460 1129 3514 et
1149 3451 1246 3513 bonis
1271 3439 1402 3568 midas

132 3553 285 3616 moribus
315 3553 528 3618 imbueretur.
565 3553 668 3616 Porro
700 3553 852 3616 nonnulli
884 3554 1133 3636 sapientissima
1163 3555 1246 3619 haec
1272 3584 1373 3618 curave-

132 3666 264 3720 statuta
279 3675 358 3738 prae
374 3656 480 3720 oculis
496 3655 669 3734 habentes,
685 3657 748 3720 rati
780 3657 903 3740 agendi
921 3659 1086 3722 rationem
1104 3657 1246 3722 Archie·
1272 3641 1344 3684 ''⁰²''

130 3761 264 3844 piscopi
296 3759 330 3826 S.
347 3760 441 3824 Pauli
466 3761 500 3822 in
532 3761 726 3824 memoratis
756 3763 889 3824 duobus
925 3763 1058 3826 casibus
1080 3782 1157 3826 cum
1182 3763 1246 3826 illis
1305 3801 1425 3861 Deagen·

130 3863 305 3927 conciliari
325 3861 414 3926 haud
447 3883 555 3944 posse,
572 3864 817 3946 reprehendere
833 3865 925 3930 illam
943 3886 1010 3929 non
1027 3866 1247 3945 dubitarunt;
1272 3867 1301 3914 di
1328 3863 1425 3940 ’ΨΜ

131 3969 219 4032 dum
235 3967 325 4031 aliie
347 3977 465 4031 contra
480 3989 540 4032 ceu
558 3969 716 4050 gravibus
727 3969 881 4034 innixam
899 3970 1086 4034 rationibus
1103 3931 1405 4061 proban-·.‘{0'ji¹},p''

133 4071 229 4146 dam,
244 4081 276 4134 et
292 4071 374 4134 nihil
391 4091 449 4152 per
461 4090 537 4134 eam
553 4071 605 4134 his
626 4071 770 4136 decretis
786 4073 988 4154 derogatum
1006 4071 1106 4136 luisse
1123 4074 1247 4138 iudica·
1273 4059 1355 4178 {722⁶
1371 4073 1426 4173 ciis

166 4233 183 4258 “
197 4231 266 4279 Haec
274 4233 299 4280 S.
317 4233 518 4292 Congregationls
535 4233 665 4280 Instructlo
680 4235 832 4280 documentis
848 4235 977 4292 pontificiis
998 4235 1126 4281 inserenda
1141 4237 1192 4283 visa
1201 4246 1245 4292 est,
1273 4203 1404 4251 ‘mma’

133 4308 227 4359 utpote
236 4313 290 4347 cum
301 4302 358 4362 ipsls
369 4303 474 4348 maxime
484 4303 621 4360 conjuncta
634 4301 684 4348 cn.
698 4302 809 4361 Epistola
819 4316 848 4361 23
865 4303 925 4348 Maii
937 4315 991 4361 pag.
1012 4305 1048 4359 78.
