3216 4880
551 116 559 146 Ι

426 253 477 302 us
505 250 670 303 aosunro
697 247 871 306 Mauram:
1133 257 1203 328 295

144 401 242 486 Quae
258 411 370 466 autem
387 410 438 466 est
466 402 597 468 Rosarii
615 404 719 467 virtus
735 405 778 468 ad
804 406 1012 480 suadendam
1033 408 1207 471 orantibus
1301 420 1318 468 8

99 501 345 586 impetrationis
367 499 662 580 fiduciam,eadem
681 503 784 586 pollet
805 503 848 568 ad
866 505 1125 570 misericordiam
1149 527 1206 570 no·
1265 479 1354 595 ἱῖζῖ

100 605 159 670 stri
175 606 209 668 in
225 605 340 669 animo
352 605 501 688 Virginis
518 608 805 672 commovendam.
824 607 911 672 Illud
928 617 979 672 est
992 610 1207 674 manifestum
1276 647 1349 696 pm

99 728 202 790 quarn
215 709 278 774 sibi
288 707 445 774 laetabile
460 709 599 786 accidat,
611 711 724 774 videre
741 731 801 774 nos
824 720 859 775 et
876 711 991 775 audire
1006 713 1087 776 dum
1105 713 1207 776 hone·
1251 725 1386 828 aaliz·

100 817 265 881 stissimas
282 818 461 900 petitiones
477 817 783 901 pulcherrimasque
796 819 912 882 laudes
927 820 990 884 rite
1000 821 1164 885 nectimus
1175 823 1207 885 in
1235 845 1313 894 siricae
1328 849 1388 893 „me

100 940 270 986 coronam.
287 920 388 1004 Quod
405 922 505 1000 enim,
521 924 569 986 ita
584 926 837 1006 comprecando,
867 925 1016 989 debitam
1034 927 1110 991 Deo
1136 928 1209 990 red·
1237 910 1342 1026 {m}

100 1024 213 1089 dimus
229 1035 262 1089 et
275 1026 584 1109 optamusgloriam
598 1029 705 1110 ;quod
719 1038 837 1094 nutum
848 1029 1123 1113 voluntatemque
1139 1031 1210 1094 eius
1231 1048 1323 1106 preces,

102 1129 199 1194 unice
210 1131 417 1213 exquirimus
434 1129 670 1212 perficiendam
683 1122 694 1207 ξ
709 1134 799 1214 quod
814 1133 885 1197 eius
901 1133 1098 1198 extollimus
1115 1133 1210 1198 boni·
1236 1106 1385 1222 fflffli'

102 1243 207 1298 tatem
236 1243 270 1299 et
296 1234 571 1314 munificentiam,
597 1235 806 1318 appellantes
839 1239 972 1302 Patrem
1005 1259 1043 1302 ac
1072 1259 1210 1304 munera
1238 1252 1389 1314 ranarum(-

102 1340 393 1421 praestantissima
409 1341 538 1423 indigni
556 1350 713 1424 rogantes
729 1364 736 1420 ;
763 1342 854 1406 hisce
872 1342 1009 1407 mirifice
1025 1343 1211 1408 delectatur
1238 1309 1388 1416 zamr-

104 1440 223 1517 Maria,
256 1461 399 1524 vereque
430 1442 464 1505 in
496 1441 620 1524 pietate
652 1455 765 1507 nostra
797 1445 991 1528 magnificat
1019 1444 1211 1510 Dominum.
1233 1435 1391 1564 mm?

104 1543 219 1627 Digna
231 1546 396 1629 siquidem
408 1545 598 1628 precatione
609 1546 809 1630 alloquimur
820 1548 1049 1631 Deum,quum
1061 1549 1212 1611 oratione
1238 1581 1267 1614 ea
1294 1571 1390 1628 contere·

102 1650 274 1714 dominica
284 1649 543 1734 alloquimur.-
559 1651 616 1716 Ad
632 1673 671 1714 ea
688 1673 767 1715 vero
783 1671 869 1735 quae
880 1654 913 1716 in
931 1653 993 1716 hac
1008 1654 1213 1736 expetimus,
1239 1712 1271 1744 m
1282 1711 1358 1758 W

104 1763 175 1816 tam
196 1775 256 1837 per
276 1773 312 1818 se
328 1763 418 1819 recta
441 1765 475 1818 et
505 1755 702 1838 composita,
728 1765 866 1842 tamque
891 1755 1110 1838 congruentia
1136 1777 1211 1820 cum
1240 1761 1372 1824 ’ΜΝ

103 1858 287 1922 christiana
314 1857 388 1936 lide,
415 1879 484 1940 spe,
507 1861 654 1936 caritate,
682 1861 776 1924 addit
804 1861 938 1942 pondus
962 1861 1214 1925 commendatio

104 1961 283 2044 quaedam,
298 1960 429 2044 Virgini
446 1982 547 2044 quam
565 1963 765 2045 gratissima.
783 1962 873 2027 Nam
906 1983 982 2031 num
1000 1982 1082 2027 voce
1098 1971 1214 2026 nostra

105 2087 175 2130 vox
193 2067 266 2148 ipsa
281 2067 462 2130 consociari
480 2067 611 2131 videtur
631 2066 723 2148 JESU
742 2066 817 2130 Filii
831 2089 839 2146 ;
851 2068 908 2149 qui
924 2068 1079 2130 eamdem
1097 2066 1214 2130 orandi

106 2169 285 2234 formulam
316 2171 489 2252 conceptis
511 2171 621 2234 verbis
652 2171 790 2235 tradidit
821 2181 946 2248 auctor,
977 2172 1214 2254 praecepitque

105 2273 359 2339 adhibendam:
384 2272 443 2338 Sic
458 2293 532 2358 ergo
548 2295 604 2338 vos
626 2274 763 2338 orabitis
779 2274 829 2358 (1).
852 2275 960 2338 Nobis
985 2277 1087 2358 igitur
1111 2275 1213 2338 talem

106 2379 390 2463 praeceptionem,
408 2377 540 2442 Rosarii
565 2378 640 2454 ritu,
656 2379 910 2442 observantibus
927 2378 1142 2461 propensiore
1158 2377 1214 2440 illa

1240 1843 1283 1876 nos
1294 1825 1384 1876 docur't.

107 2483 290 2558 voluntate,
306 2500 348 2544 ne
363 2481 566 2560 dubitemus,
582 2479 727 2545 officium
744 2501 851 2560 suum,
861 2481 995 2546 solliciti
1011 2481 1133 2545 amoris
1147 2481 1213 2561 ple·

108 2607 199 2665 num,
215 2586 387 2668 impendet
401 2607 408 2663 ;
424 2585 506 2649 haec
531 2595 645 2650 autem
673 2586 817 2668 mystica
839 2606 976 2668 precum
1009 2597 1098 2651 serta
1125 2583 1214 2649 sacili

107 2693 181 2775 ipsa
196 2689 289 2754 vultu
306 2689 482 2770 accipiens,
498 2690 583 2752 bene
599 2689 693 2772 largo
704 2709 879 2754 munerum
896 2690 1048 2772 praemio
1064 2688 1215 2757 donabit·
1250 2726 1255 2734 v

108 2795 203 2858 -In
216 2814 293 2877 quo,
309 2803 345 2858 ut
366 2791 634 2857 liberalissimam
656 2794 843 2858 bonitatem
875 2794 946 2858 eius
969 2795 1092 2858 certius
1119 2791 1216 2855 nobis
1276 2798 1391 2859 Mysari-
1456 2859 1458 2862 Ι

108 2897 335 2983 polliceamur,
361 2901 427 2959 non
453 2897 629 2960 mediocris
656 2917 774 2961 caussa
801 2907 851 2961 est
879 2898 912 2960 in
933 2898 1067 2980 propria
1084 2896 1215 2960 Rosarii
1242 2878 1376 2992 sss‘mffl

109 3003 247 3078 ratione,
263 3002 305 3065 ad
322 3010 412 3063 recte
434 2999 599 3062 orandum
616 3009 764 3081 perapta.
783 2999 892 3063 Multa
910 3000 1046 3083 quidem
1063 3011 1097 3063 et
1117 2999 1217 3073 varia,
1242 3009 1364 3109 mets

107 3125 196 3189 quae
211 3104 357 3168 hominis
373 3112 424 3167 est
448 3099 620 3184 fragilitas,
645 3113 798 3166 orantem
815 3123 989 3167 avocarea
1008 3103 1084 3166 Deo
1109 3101 1218 3166 solent
1243 3124 1397 3174 terrenisad

108 3211 247 3292 eiusque
275 3207 372 3272 fidele
403 3207 614 3290 propositum
642 3209 878 3271 intervertere:
902 3218 1040 3272 atvero
1064 3207 1121 3290 qui
1147 3227 1215 3270 rem
1243 3192 1363 3314 {zm

108 3315 213 3399 probe
229 3321 369 3395 reputet,
385 3311 545 3375 continuo
561 3311 740 3394 perspiciet
756 3323 921 3394 quantum
939 3315 973 3376 in
1002 3313 1060 3376 illo
1076 3311 1217 3374 efficaci·
1243 3330 1315 3383 atquc
1330 3321 1365 3368 au

1244 3389 1368 3444 meliorent

109 3418 190 3482 tatis
211 3416 299 3492 insit,
330 3433 434 3497 quum
451 3413 493 3478 ad
517 3415 759 3478 intendendam
789 3425 938 3479 mentem
966 3425 1001 3480 et
1028 3415 1215 3478 socordiam
1244 3452 1365 3516 informa·

110 3520 213 3586 animi
229 3517 479 3594 excutiendam,
494 3525 567 3580 tum
579 3517 621 3580 ad
638 3516 818 3580 salutarem
835 3517 879 3580 de
894 3517 1050 3581 admissis
1066 3515 1216 3580 dolorem
1245 3520 1396 3628 turvitpimr

109 3624 329 3688 excitandum
361 3622 639 3702 educendumque
663 3619 816 3702 spiritum
834 3621 867 3684 in
900 3621 1064 3685 caelestia.
1082 3618 1219 3701 Quippe
1237 3599 1395 3714 ffl'm

109 3749 155 3794 ex
169 3727 310 3804 duobus,
326 3735 364 3790 ut
379 3725 611 3809 percognitum
625 3733 684 3800 est,
696 3733 829 3797 constat
847 3725 1036 3802 Rosarium,
1050 3725 1218 3789 distinctis
1244 3715 1363 3843 523}ss

112 3836 198 3897 inter
214 3852 249 3896 se
264 3829 525 3912 coniunctisque,
542 3829 761 3894 meditatione
778 3831 1013 3913 mysteriorum
1026 3838 1060 3892 et
1072 3837 1148 3892 acta
1161 3849 1219 3911 per
1362 3816 1368 3828 ’

110 3954 228 4002 vocem
253 3933 458 4017 precatione..
471 3931 637 4015 Quocirca
661 3932 724 3995 hoc
741 3951 846 4014 genus
871 3933 988 3996 orandi
1017 3933 1217 4016 peculiarem

112 4041 295 4124 quamdam
327 4036 473 4102 hominis
503 4038 725 4102 attentionem
750 4037 940 4113 desiderat;
963 4057 1029 4120 qua
1053 4037 1219 4114 nimirum,

113 4164 180 4210 non
193 4143 300 4208 solum
319 4149 465 4206 mentem
483 4143 524 4204 ad
544 4140 655 4204 Deum
673 4141 773 4204 modo
786 4141 899 4222 aliquo
910 4142 1042 4222 dirigat,
1058 4160 1172 4204 verum
1185 4141 1218 4203 in

115 4245 339 4257 ...........--a——--·-—
344 4247 350 4250 κ
392 4248 422 4252 -—
435 4248 450 4251 --
1063 4243 1074 4248 “
1082 4243 1092 4248 ·“
1097 4243 1221 4250 ‘'ffi—-q

146 4289 166 4322 1.
181 4275 328 4328 Mattt.,v1,
342 4287 363 4332 9.
379 4247 389 4252 ι

1239 1637 1278 1678 tar
1300 1631 1389 1678 oratio·
1452 1655 1456 1660 ·
