3250 4888
272 321 323 370 os
348 321 507 386 Junrnus
535 323 562 372 s.
585 321 692 372 sams
720 323 985 375 vrunrcanms,
1117 309 1184 395 163

77 471 170 553 pacis
197 471 370 554 civilisque
397 471 507 536 cultus
538 469 704 553 proficisci
732 473 810 537 inde
837 474 1059 540 uberiora.—
1081 475 1185 540 Cuius
1275 500 1305 532 12

76 575 181 640 divini
208 575 339 639 consilii
369 575 505 640 excelsa
537 577 623 640 ratio
651 596 817 658 nusquam
843 578 1000 661 apparuit
1022 577 1184 644 illustrius
1245 545 1336 662 1]Ξέἔῖ

76 701 178 763 quam
195 681 229 744 in
257 679 320 744 hac
338 679 442 756 Urbe,
460 700 547 764 quae
563 682 660 746 sedes
682 683 736 744 est*
760 683 916 764 princeps
937 681 1107 766 religionis
1132 705 1185 748 ca·
1295 715 1363 774 Quae

13 812 16 816 ·
75 785 223 848 tholicae
240 784 292 848 :in
325 803 393 866 qua
423 803 546 865 nempe
576 785 708 866 quoties
732 785 821 849 beati
847 785 935 849 Petri
962 787 1032 850 iura
1059 785 1186 852 nefario
1212 780 1316 840 quotes-

76 897 154 952 sunt
181 907 264 951 ausu
296 887 431 964 violata,
461 887 563 952 toties
586 889 751 971 pernicies
778 909 888 952 rerum
921 899 1103 956 consecuta
1136 903 1186 956 est
1204 859 1318 971 muz!

76 996 192 1060 multis
205 998 313 1062 modis
324 997 778 1065 miserabiliuchmotiora
793 999 1185 1080 dimittimus,propterea
1211 975 1326 1090 wa

73 1103 165 1183 quod
197 1101 296 1164 nimis
327 1102 477 1165 clamant
508 1103 700 1185 praesentia
715 1112 879 1184 quantam
909 1103 942 1166 in
966 1102 1076 1166 labem
1090 1101 1179 1166 cala·
1211 1105 1288 1182 mpla,
1308 1122 1361 1155 ηπ·

75 1203 298 1285 mitatemque
314 1204 493 1266 sacerrima
509 1203 580 1266 eius
598 1204 757 1268 maiestas
768 1205 812 1268 sit
823 1205 1010 1268 deturbata.
1022 1203 1182 1268 Errorum
1210 1177 1339 1284 ἵξῃ

75 1305 108 1370 in
127 1306 287 1370 maximis
309 1307 407 1370 rebus
429 1307 624 1388 impunitas,
650 1305 827 1370 libidinum
855 1307 1022 1390 flagitiosa
1039 1306 1183 1386 licentia,
1209 1303 1362 1416 maa

73 1420 278 1493 praepotens
305 1410 629 1492 improbissimarum
657 1411 847 1474 dominatio
873 1419 1051 1488 sectarum,
1074 1411 1184 1492 quoti·
1210 1403 1279 1480 sun'r.
1387 1471 1393 1489 ,

74 1515 178 1578 diana
208 1514 241 1576 in
271 1533 432 1596 personas
461 1533 579 1596 resque
607 1523 769 1596 augustas
797 1515 995 1596 petulantia,
1019 1515 1183 1598 plurimae

74 1612 284 1702 callidaequc
296 1630 385 1683 artes
401 1629 470 1684 uta
488 1618 553 1682 fide
581 1629 615 1684 et
641 1619 826 1683 reverentia
853 1619 1025 1684 Ecclesiae
1053 1641 1181 1684 succre-

73 1745 172 1789 scens
188 1725 344 1788 iuventus
359 1722 514 1788 deficiat:
530 1723 613 1788 talia
629 1724 747 1802 multa,
763 1733 800 1788 ut
816 1725 937 1788 iustam
951 1724 1049 1790 bonis
1075 1727 1183 1790 omni·

72 1830 138 1895 bus
154 1828 363 1911 indignantis
377 1827 598 1910 aegritudinis
608 1825 754 1892 afferunt
765 1829 982 1904 caussam,sic
995 1847 1036 1891 eo
1046 1830 1182 1893 convin-

72 1941 156 1996 cunt
187 1932 334 2013 apertius
361 1931 479 2013 quanti
511 1931 564 2008 sit,
578 1931 779 1996 caelestibus
810 1932 853 1994 de
883 1932 947 1995 hac
978 1951 1071 1996 sacra
1090 1932 1183 1998 Urbe

73 2035 290 2118 praescriptis
307 2055 367 2118 per
383 2035 567 2117 nequitiam
581 2043 615 2099 et
630 2036 698 2098 vim
715 2055 788 2098 esse
799 2045 1033 2118 repugnatum.
1048 2076 1091 2086 —
1109 2037 1181 2101 Nos
1353 2104 1359 2116 ,

68 2141 229 2224 equidem
248 2159 348 2223 super
360 2139 424 2202 hoc
441 2159 551 2204 rerum
576 2149 665 2203 statu
679 2141 896 2204 vehementer
918 2141 1063 2218 solliciti,
1079 2152 1113 2206 et
1136 2143 1180 2206 de
1207 2103 1356 2230 mei?

69 2243 252 2308 obfirmata
264 2253 381 2306 contra
394 2243 630 2326 Apostolicam
648 2244 772 2310 Sedem
796 2245 916 2309 iniuria
943 2247 1111 2328 conqueri,
1142 2257 1178 2310 ut
1199 2233 1357 2362 sbiims

68 2356 216 2430 oportet,
241 2355 503 2429 perseverantes,
515 2345 543 2408 si
574 2347 759 2430 quidquam
793 2348 979 2413 rationibus
1006 2349 1179 2413 Ecclesiae
1207 2363 1337 2440 salicae·

66 2462 173 2536 atque
190 2451 293 2517 Urbis
318 2451 406 2516 beati
422 2452 510 2515 Petri
532 2453 690 2534 prodesse
708 2451 818 2516 adhuc
845 2453 1047 2532 studuimus,
1076 2453 1179 2519 nihilo
1206 2430 1348 2544 {12¹2ssssss

66 2556 182 2621 minus
195 2557 330 2622 studere
346 2556 379 2618 in
397 2566 584 2638 posterum,
601 2556 681 2620 dum
699 2556 768 2620 vita
784 2568 953 2641 suppetat,
970 2578 1176 2643 magnopere
1198 2559 1294 2622 frena.

65 2661 325 2740 contendemus,
341 2660 416 2724 freti
435 2660 520 2738 Deo,
537 2660 630 2724 cuius
656 2663 823 2743 praesenti
839 2681 904 2745 ope
925 2681 964 2726 ac
981 2662 1103 2728 solatio
1118 2665 1179 2728 ad·

65 2762 268 2828 mirabiliter
279 2772 507 2827 sustentamur
521 2783 529 2842 ;
541 2782 642 2845 quem
653 2763 810 2827 eumdem
823 2765 991 2828 vindicem
1003 2765 1176 2831 Ecclesiae

64 2887 152 2930 suae
166 2868 270 2930 enixa
286 2887 384 2950 prece
407 2867 633 2931 obsecramus.

113 2969 215 3034 Nunc
240 2990 319 3035 vero
345 2973 528 3036 iucundum
545 2981 578 3036 et
595 2971 751 3036 laetabile
768 2982 827 3052 est,
843 2972 1063 3037 Venerabiles
1096 2975 1175 3039 Fra·
1259 3009 1352 3059 emm,

61 3089 145 3152 tres‚
163 3076 363 3142 utilitatibus
376 3077 549 3142 christiani
566 3077 693 3160 populi,
709 3078 805 3171 novis
818 3079 984 3160 episcopis
995 3080 1174 3161 designan·
1204 3077 1321 3188 ‘3'213’2'

60 3184 129 3260 dis,
143 3182 315 3246 consulere
334 3204 341 3261 ;
357 3184 506 3266 itemque
518 3183 675 3266 supplere
692 3183 972 3266 perhonorificum
984 3185 1171 3269 Collegium
1204 3157 1259 3257 teis
1276 3155 1332 3188 ma-

60 3297 228 3392 veptrum,
243 3307 287 3350 ex
304 3307 371 3370 quo
389 3289 480 3351 brevi
505 3287 666 3370 temporis
697 3287 874 3352 intervallo
901 3288 1082 3353 desiderati
1109 3311 1175 3354 non

59 3391 167 3474 pauci
194 3399 282 3467 sunt,
297 3392 341 3455 ad
369 3410 526 3455 mansura
541 3391 674 3456 virtutis
705 3391 854 3472 praemia
884 3395 1022 3456 evocati.
1046 3393 1085 3456 ln
1112 3394 1176 3457 hoc

57 3497 171 3580 igitur
186 3495 275 3559 viros
288 3497 435 3579 quinque
452 3505 611 3580 cooptare
623 3495 840 3574 decrevimus,
856 3515 900 3558 ex
914 3495 1031 3560 ordine
1047 3499 1176 3580 episco-

56 3601 136 3685 pali
154 3599 314 3677 delectos,
330 3602 388 3683 qui
405 3600 457 3662 vel
487 3598 647 3690 pastorali
673 3600 852 3684 prudentia
873 3609 907 3663 et
923 3599 1106 3680 alacritate,
1121 3603 1173 3665 vel

55 3704 197 3772 consilii
213 3705 453 3787 doctrinaeque
470 3703 634 3769 fructibus
650 3704 819 3786 egregiam
844 3724 981 3786 operam
1008 3717 1173 3772 naverunt

56 3808 250 3878 Ecclesiae.
270 3809 318 3872 Hi
334 3817 447 3872 autern
465 3817 565 3874 sunt:

104 3949 1170 4035 VICTORLUCIANUSLECOT,ArchiepiscopusBurdigalensis:

107 4099 298 4164 losbarros
327 4099 458 4164 Marna
483 4096 748 4174 Gnauurncco,
775 4097 1061 4181 archiepiscopus
1077 4099 1173 4164 Titu-

155 4193 234 4258 laris
256 4193 493 4274 Caesariensis,
509 4194 603 4260 Sacri
620 4192 760 4259 Consilii
783 4193 1031 4278 Episcoporum
1056 4204 1089 4259 et
1108 4195 1176 4260 Re·

155 4299 322 4382 gularium
341 4299 567 4364 Secretarius:
