3222 4888
274 267 325 316 DE
352 265 560 316 INSTITUTO
589 263 733 315 PHILOS.
763 264 1011 316 LOVANIENSI.
1123 269 1193 338 239

88 421 167 483 dam
184 419 226 482 ad
243 419 393 482 eiusdem
410 418 582 500 pertinens
599 419 851 499 integritatem;
868 429 970 501 atque
987 441 1063 483 eum
1081 421 1192 484 locum
1295 445 1309 492 7

88 521 250 600 obtineat,
266 541 365 604 quem
383 532 417 586 et
433 520 604 603 pontificia
621 522 691 584 eius
707 523 803 603 origo
818 531 853 586 et
877 524 1027 605 gravitas
1050 524 1123 605 ipsa
1144 524 1194 588 di·
1238 489 1363 608 Mitis!

88 625 248 707 sciplinae
272 625 411 688 omnino
436 635 635 707 exposcunt.
662 623 879 708 Quapropter
901 627 972 689 eius
997 629 1134 691 Praeses
1159 629 1193 691 in

79 729 275 796 ¹Consilium
303 729 475 807 rectorale,
501 739 538 793 ut
566 729 669 807 aiunt,
686 730 896 808 admittatur,
920 731 1048 795 eisdem
1074 733 1196 815 quibus

89 834 218 898 Decani
244 832 458 896 Facultatum
487 829 634 922 iuriblus3
661 833 816 913 Magistri
844 844 957 896 autem
986 835 1019 896 in
1048 835 1195 916 aliquam

88 937 288 1021 adlegantur
304 959 348 1000 ex
376 938 609 1000 Facultatibus
635 937 874 1001 Universitatis
901 958 986 1020 quae
1014 939 1081 1002 iam
1108 950 1197 1018 sunt,

90 1043 292 1125 paribusque
323 1063 361 1105 ac
393 1043 543 1125 collegae
574 1043 700 1106 iuribus
732 1052 765 1106 et
797 1043 978 1124 privilegiis
1009 1045 1196 1126 eodemque

90 1147 336 1228 Episcoporum
354 1147 540 1228 patrocinio
557 1155 702 1209 utantur.
721 1144 890 1227 Quoniam
908 1166 986 1208 vero
1002 1146 1079 1209 huic
1097 1148 1196 1210 Insti·
1253 1183 1378 1243 Magistri

88 1261 165 1315 tuto
180 1251 355 1332 peculiaris
383 1252 484 1314 etiam
512 1260 563 1314 est
588 1249 662 1312 finis
690 1259 723 1313 et
744 1270 824 1312 suae
851 1249 1017 1332 quaedam
1043 1252 1197 1332 propriae
1227 1247 1348 1324 Instituta·

87 1357 335 1437 distinctaeque
352 1355 506 1431 rationes,
519 1355 643 1418 idcirco
655 1363 810 1436 oportere
823 1355 976 1416 ducimus
989 1363 1024 1418 ut
1043 1356 1197 1436 Magistri
1226 1319 1376 1428 {poorsnzttiam

87 1479 169 1522 suos
185 1458 286 1520 etiam
308 1476 458 1520 seorsum
485 1455 633 1520 habeant
658 1464 783 1531 coetus,
810 1455 965 1518 Praeside
992 1457 1197 1522 moderante.
1226 1443 1358 1558 222²lest

88 1565 298 1626 Potestatem
316 1570 427 1624 autem
453 1561 579 1624 eisdem
607 1570 641 1624 et
658 1561 708 1624 ius
735 1559 875 1622 facimus
900 1569 937 1624 ut
957 1561 1139 1628 decernant
1155 1563 1198 1626 de
1263 1545 1377 1657 celredi-

88 1665 324 1748 philosophiae
336 1665 508 1747 gradibus,
521 1665 787 1740 baccalaureatu,
798 1665 943 1743 licentia,
956 1665 1077 1743 laurea,
1090 1667 1198 1749 deque
1227 1681 1380 1738 turpotestas

88 1771 261 1852 superiore
277 1769 383 1852 gradu
411 1770 636 1851 cooptationis
662 1771 695 1832 in
725 1768 883 1834 Scholam
910 1768 944 1834 S.
968 1769 1121 1834 Thomae
1144 1772 1200 1835 tri·
1227 1740 1349 1868 filum

89 1875 244 1950 buendis,
265 1874 446 1936 accedente
466 1884 580 1936 tamen
608 1873 762 1938 Rectoris
791 1873 1031 1937 Universitatis
1047 1895 1201 1958 compro·
1228 1871 1328 1932 sophiae

89 1977 237 2040 batione.
253 2013 296 2024 -
320 1975 417 2058 Quae
432 1976 547 2038 omnia
563 1984 596 2038 et
613 1977 746 2057 singula
772 1975 926 2038 iubemus
951 1987 1025 2038 rata
1049 1985 1083 2039 et
1107 1976 1201 2040 firma
1223 1935 1371 2064 milen-

89 2082 285 2156 consistere,
302 2101 384 2142 neve
407 2081 440 2143 in
457 2089 640 2161 posterum,
657 2081 782 2142 iniussu
808 2081 936 2143 Nostro
956 2079 1009 2142 vel
1033 2099 1201 2143 successo·
1227 2067 1263 2116 di.
1306 2132 1380 2194 Leges

90 2205 177 2262 rum,
193 2185 235 2248 de
252 2185 291 2247 iis
319 2185 503 2267 quidquam
530 2185 709 2248 immutari.
735 2184 940 2247 Mandamus
965 2197 1138 2265 praeterea
1166 2195 1202 2248 ut
1229 2197 1377 2244 Institutio

90 2291 185 2372 leges
204 2299 237 2352 et
265 2275 471 2371 praescripta
498 2301 570 2352 tum
598 2289 748 2352 instituti
775 2299 847 2352 tum
873 2289 999 2352 adnexi
1024 2288 1202 2353 Seminarii
1229 2262 1361 2375 {inilla-

89 2401 282 2476 opportune
298 2394 340 2456 ad
367 2393 447 2469 Nos,
467 2413 526 2475 per
549 2414 679 2456 sacrum
706 2392 892 2458 Consilium
909 2394 1029 2456 studiis
1046 2394 1203 2474 regundis
1220 2392 1390 2457 firmandae?

90 2497 278 2580 probanda,
294 2495 526 2558 confirmanda
542 2495 745 2560 deferantur.

139 2605 281 2668 Minime
298 2613 411 2667 autem
428 2604 623 2668 dubitamus
640 2605 719 2686 quin
742 2604 960 2668 Athenaeum
981 2603 1203 2681 Lovaniense‚
1255 2645 1382 2693 Commen-

90 2709 188 2772 cuius
199 2707 232 2769 in
247 2707 320 2770 Nos
333 2717 435 2789 atque
448 2709 481 2770 in
496 2707 731 2789 Apostolicam
746 2707 869 2772 Sedena
884 2708 1082 2790 obsequium
1097 2708 1202 2770 multa
1228 2710 1273 2758 dat
1293 2711 1382 2758 Ponu-

90 2831 200 2896 eaque
217 2812 351 2894 egregia
372 2823 571 2894 argumenta
592 2821 768 2887 testantur,
782 2814 891 2875 eidem
906 2813 1077 2888 Instituto,
1095 2812 1203 2875 Nobis
1221 2776 1382 2889 ζ’,ᾎζζῗν

88 2915 146 2980 vel
165 2917 314 2979 maxime
330 2925 479 2997 accepto,
503 2917 664 2996 opinione
686 2937 753 2998 qua
770 2917 882 2998 coepit
906 2927 939 2978 et
955 2917 1070 2979 animo
1086 2914 1203 2979 suffra·
1230 2905 1366 3022 {jam

89 3019 166 3104 gari
190 3019 331 3083 insistat.
345 3019 500 3101 Utraque
513 3041 592 3083 vero
608 3041 652 3082 ex
670 3031 765 3100 parte
786 3020 1001 3083 observantia
1017 3029 1050 3082 et
1068 3039 1204 3082 concor·
1231 3043 1306 3084 eatena
1316 3037 1387 3084 inter

89 3125 161 3202 dia,
181 3145 247 3205 qua
268 3124 404 3205 quidem
429 3124 640 3188 stabiliendis
656 3124 906 3207 educendisque
931 3124 1030 3186 rebus
1055 3123 1138 3186 nihil
1155 3133 1205 3187 est
1230 3103 1382 3224 anmi*

89 3228 218 3311 aptius,
234 3228 390 3310 idemque
411 3230 535 3310 publici
559 3229 638 3292 boni
655 3229 806 3292 studium
824 3229 870 3292 ita
893 3239 1021 3292 certent
1038 3239 1205 3309 optamus,
1232 3232 1374 3308 nujuquro

90 3341 133 3396 ut
150 3332 184 3393 in
203 3333 275 3394 dies
292 3332 423 3414 utrique
436 3334 538 3395 decus
552 3343 715 3414 augeatur
731 3343 765 3395 et
782 3333 933 3397 laborum
951 3332 1204 3396 honestissimo·
1225 3303 1380 3411 {Imm

90 3455 170 3500 rum
195 3436 338 3500 ubertas.
362 3435 430 3502 Sed
448 3439 479 3499 in
505 3438 568 3508 hoc
586 3437 660 3517 ipso
688 3437 867 3517 prudentia
893 3457 1064 3518 operaque
1085 3445 1206 3515 vestra,
1230 3433 1384 3492 auguratur.

90 3537 317 3602 Venerabiles
345 3539 489 3616 Fratres,
505 3539 686 3620 plurimum
712 3541 784 3602 Nos
808 3561 906 3622 posse
934 3539 1103 3603 confidere
1124 3541 1205 3602 iam-

90 3641 226 3725 pridem
256 3654 469 3725 perspectum
494 3657 689 3726 certumque
716 3643 899 3706 habemus:
924 3663 1008 3726 quos
1036 3644 1126 3706 enim
1154 3663 1206 3705 res

91 3749 170 3829 ipsa
195 3745 425 3827 perstudiosos
453 3756 552 3810 nacta
579 3757 630 3810 est
653 3748 694 3809 ad
724 3747 947 3810 exoriendum
977 3745 1133 3824 fautores,
1159 3747 1207 3810 eis

91 3851 249 3936 proiecto
273 3851 316 3915 ad
342 3871 500 3934 prospere
527 3853 779 3914 consistendum
805 3851 955 3932 patronis
981 3853 1043 3914 erit
1067 3851 1207 3934 optimis

92 3958 269 4019 laetatura
289 3953 365 4016 Hoc
382 3955 528 4036 denique
546 3963 650 4017 restat
667 3955 915 4036 pientissimum
932 3964 1057 4031 votum,
1073 3965 1110 4018 ut
1128 3975 1206 4018 con·

91 4060 205 4122 ditum
225 4051 423 4120 institutum
451 4057 579 4120 Doctor
596 4059 667 4140 ipse
684 4057 878 4139 Angelicus,
896 4057 988 4120 cuius
1017 4054 1160 4120 nomine'
1174 4067 1208 4123 et

94 4160 205 4226 tutela
222 4161 398 4244 insigniter
425 4163 560 4244 gaudet,
586 4161 734 4243 benigna
758 4161 790 4223 in
816 4181 916 4224 omne
939 4173 1075 4244 tempus
1099 4163 1208 4244 gratia

102 4265 272 4347 respiciat,
288 4267 456 4348 sapientia
481 4279 514 4331 et
531 4267 654 4344 virtute
679 4287 739 4328 sua
764 4266 927 4330 illustret:
952 4286 1020 4349 quo
1047 4268 1208 4348 praestita
