3216 4880
409 249 482 339 326
761 261 884 311 tuosx
912 259 1165 312 xuuuvmcus.

443 415 743 470 zuar-Locurlo
753 414 797 465 ad
807 415 881 465 S.R.
895 415 930 465 Ε.
946 415 1145 467 cardinales.
1156 435 1190 446 -
1198 411 1229 461 ll
1240 411 1327 462 lulli
1336 409 1423 462 1892.

629 525 631 532 ι
1381 511 1397 546 a
1417 533 1425 546 .

443 549 629 640 inimicorum
643 581 750 639 Christi
764 592 792 637 et
806 581 954 637 Ecclesiae
965 581 1116 636 audaciam
1128 589 1306 636 crescentem
1317 578 1345 633 in
1359 508 1421 633 diegs
1431 491 1506 648 expiig·

405 671 448 728 nit
471 671 602 728 Pontifex
614 672 657 740 98.
680 701 715 710 -
735 671 850 725 Christo
874 679 971 724 tamen
991 669 1119 736 confidit,
1140 678 1168 724 et
1188 668 1319 722 hortatur
1344 666 1458 720 Fideles
1481 676 1506 718 ut

406 759 544 816 audaciae
569 759 749 814 inimicorum
774 757 906 812 virtutem
931 767 1078 826 opponant
1102 754 1279 826 impavidam
1303 755 1347 822 98.
1370 781 1405 792 —
1430 753 1507 808 Sedis

406 846 591 918 Apostolicae
601 845 664 916 jura
677 846 787 914 integra
800 844 925 900 vindicat
937 845 1029 913 98-99.

441 961 489 1011 21.
521 963 731 1012 EPISTOLA
756 959 799 1011 ad
828 959 1006 1023 Episcopos
1031 959 1223 1022 Hispaniae,
1253 959 1372 1008 ltaliae
1395 961 1429 1008 et

406 1050 582 1111 utriusqus
595 1051 767 1099 Amorioae
780 1051 821 1099 de
846 1049 1072 1099 saecularibus
1089 1048 1181 1098 festis
1200 1045 1428 1110 Christophorl

406 1137 618 1187 Columb1.-
641 1139 677 1187 16
698 1137 782 1187 lulli
806 1135 895 1186 1892.
1361 1147 1427 1201 pag.
1467 1145 1510 1184 too

444 1253 588 1308 Laudibus
600 1253 708 1307 extollit
723 1251 853 1309 Pontifex
866 1252 1104 1321 Christophorunt
1118 1251 1290 1306 Columbum
1311 1259 1338 1306 ct
1356 1267 1431 1319 opus
1449 1248 1510 1304 insi-

407 1357 462 1410 gne
475 1343 512 1395 ab
531 1357 566 1396 eo
580 1351 726 1410 peractum
740 1355 797 1400 100.
811 1368 846 1378 -
862 1338 917 1410 Qui
933 1357 1018 1410 quam
1031 1341 1105 1394 bene
1117 1339 1154 1393 sit
1167 1339 1204 1394 de
1217 1339 1295 1393 cultu
1308 1339 1435 1392 humano
1448 1347 1475 1393 et
1484 1355 1509 1390 re

407 1428 539 1497 religiosa
553 1429 679 1493 meritus,
693 1427 833 1498 posterior
842 1437 953 1482 tantum
965 1435 1046 1481 aetas
1059 1426 1192 1495 coguovit
1214 1441 1273 1480 tou.
1287 1425 1510 1480 -Praeclarum

406 1516 483 1569 hunc
495 1515 586 1571 virum
606 1526 634 1570 et
647 1517 683 1570 ab
699 1514 832 1570 Ecclesia
844 1515 981 1571 celebrari
1001 1515 1091 1582 decet,
1104 1514 1258 1585 quaelicet
1271 1513 1413 1568 maximos
1427 1515 1510 1568 hono·

407 1619 452 1657 res
465 1613 591 1658 reservet
604 1602 729 1669 Sanctis,
742 1611 838 1657 tamen
852 1611 880 1656 et
903 1603 967 1656 illos
989 1600 1066 1656 viros
1088 1602 1184 1670 magni
1203 1601 1336 1656 aestimat
1348 1601 1397 1672 qui
1418 1619 1436 1655 a
1456 1603 1511 1655 Deo

407 1689 511 1760 insigni
529 1690 643 1760 ingenio
663 1689 771 1758 donati,
786 1690 905 1744 multum
927 1687 1002 1744 ciiili
1023 1690 1171 1744 hominum
1193 1688 1386 1760 conjunctioni
1407 1690 1510 1758 profue-

407 1787 471 1832 runt
484 1792 607 1831 roo-101.
620 1807 656 1816 -
669 1777 812 1846 Singulari
826 1778 935 1831 honore
948 1777 1080 1831 Ecclesia
1095 1777 1266 1831 Columbum
1279 1777 1399 1832 decorat
1420 1786 1510 1845 utpote

407 1863 505 1932 filium,
519 1881 602 1934 quern
614 1881 666 1918 sua
682 1865 766 1918 Fides
780 1864 932 1934 praecipue
945 1865 1035 1918 movit
1048 1863 1086 1918 ad
1098 1880 1188 1918 novas
1201 1873 1292 1918 terras
1305 1862 1510 1934 conquirendas

409 1967 516 2006 101.-
536 1951 674 2006 Nonnulli
697 1952 782 2006 laude
804 1951 921 2022 quidem
944 1951 1032 2022 digni,
1056 1951 1169 2021 ignotas
1194 1951 1393 2022 exquisierunt
1419 1961 1511 2015 terras,

406 2038 540 2094 humanis
553 2039 710 2094 rationibus
724 2039 802 2094 ducti
819 2053 876 2094 101.
887 2067 922 2077 -·
936 2040 970 2094 ln
982 2040 1123 2094 Columbo
1137 2057 1204 2094 vero
1217 2041 1359 2095 rationem
1373 2039 1511 2110 religionis

407 2129 491 2198 longe
505 2144 572 2198 prae
586 2129 687 2182 ceteris
701 2127 824 2184 valuisse
837 2137 950 2184 constat
966 2143 1091 2182 tor-102.
1104 2157 1140 2169 -
1152 2129 1261 2184 Studiis
1274 2130 1381 2200 quippe
1401 2141 1511 2184 naturae

407 2231 494 2286 quum
514 2214 702 2284 comperisset
725 2213 823 2284 ignota
844 2215 937 2286 spatia
959 2217 988 2268 in
1009 2216 1189 2270 occidentem
1212 2225 1317 2286 patere,
1341 2215 1429 2271 altius
1453 2216 1511 2270 inde

407 2313 502 2359 mente
524 2303 687 2372 assurrexit,
700 2304 856 2374 dolensque
870 2304 1015 2372 ingentem
1028 2303 1176 2360 hominum
1190 2305 1405 2360 multitudinem
1421 2307 1511 2359 sedere

407 2391 436 2444 in
450 2391 550 2446 umbra
562 2389 672 2458 mortis,
685 2392 808 2460 primum
827 2391 956 2446 omnium
978 2391 1112 2462 expetivit
1134 2391 1323 2447 christianum
1343 2392 1412 2448 illuc
1425 2408 1511 2448 exten-

408 2477 477 2533 dere
490 2495 595 2532 nomen
611 2493 670 2532 102.
684 2507 719 2516 —
734 2477 799 2532 Hoc
811 2477 913 2547 probat
925 2477 1056 2532 Pontifex
1069 2477 1162 2532 allatis
1177 2479 1271 2533 verbis
1284 2477 1374 2548 ipsius
1387 2475 1510 2533 Columbi

410 2575 496 2636 atque
523 2565 664 2620 isabellae
683 2564 808 2636 reginae,
821 2576 849 2620 et
874 2565 1011 2636 expositis
1030 2565 1069 2620 rei
1089 2565 1281 2636 perficiendae
1305 2565 1510 2635 impedimentis

408 2653 565 2709 innumeris
592 2655 684 2708 abeo
706 2653 769 2707 solo
792 2653 962 2723 superandis
987 2671 1072 2724 quem
1098 2654 1185 2708 Fides
1209 2654 1323 2710 roboret
1341 2667 1466 2722 roa-103.
1483 2682 1512 2691 -

369 2771 373 2780 ·
410 2741 492 2796 Idem
505 2743 670 2796 memoratis
684 2752 844 2811 temporum
867 2743 1008 2811 adjunctis
1028 2743 1196 2796 confirmat:
1219 2743 1354 2797 Ecclesia
1370 2743 1449 2797 enirn
1469 2739 1512 2794 mi·

408 2821 523 2876 ituenda
545 2821 574 2875 in
599 2823 714 2891 Europa
737 2838 787 2892 per
811 2821 1014 2876 Lutherianam
1033 2821 1185 2890 haeresim,
1205 2820 1233 2876 in
1254 2837 1345 2876 novas
1368 2823 1512 2877 Americae

359 2952 360 2956 ,
392 2966 397 2974 ,
409 2915 510 2976 gentes
523 2917 641 2962 extensa
654 2919 706 2976 est,
719 2907 887 2977 providente
901 2909 965 2962 Deo
982 2922 1039 2976 ¹03·
1053 2937 1088 2947 -
1102 2908 1258 2962 Columbus
1270 2907 1325 2964 Dei
1340 2908 1429 2962 ductu
1441 2924 1512 2979 prae·

410 2995 470 3056 ivit,
485 2993 546 3049 vias
560 2995 718 3064 Evangelio
732 2995 892 3049 muniturus
909 3009 1030 3062 103·1o4.
1048 3025 1084 3034 —-
1101 2995 1166 3050 Hoc
1186 2995 1213 3050 ei
1233 2996 1412 3066 propositum
1435 2997 1511 3050 fuisse

410 3091 532 3138 testatur
544 3082 631 3137 etiam
644 3082 778 3151 religiosa
790 3082 892 3136 domus
906 3081 953 3136 ubi
967 3083 1003 3136 de
1012 3081 1113 3152 grandi
1127 3081 1246 3136 consilio
1259 3083 1416 3138 meditatus
1428 3095 1476 3150 est,
1488 3093 1511 3136 et

411 3170 472 3239 ejus
485 3167 514 3222 in
528 3177 588 3222 toto
602 3168 703 3223 itinere
717 3167 837 3238 insignis
850 3167 942 3238 pietas
957 3183 1015 3235 104
1025 3197 1061 3206 -
1076 3169 1158 3222 illum
1170 3168 1278 3224 laudari
1293 3169 1376 3224 decet
1391 3173 1428 3226 ob
1442 3171 1512 3223 innu-

411 3271 491 3311 mera
504 3253 643 3310 beneficia
656 3272 730 3326 quae
743 3254 850 3309 mundo
870 3256 990 3309 contulit
1002 3275 1009 3321 ;
1022 3273 1151 3310 summae
1168 3273 1235 3310 vero
1255 3257 1356 3314 laudes
1374 3269 1442 3312 sunt
1458 3259 1511 3310 Deo

411 3343 587 3412 tribuendae,
597 3343 642 3397 eui
656 3343 723 3398 novi
736 3343 866 3398 inventor
879 3343 956 3398 orbis
970 3343 1064 3398 sciens
1078 3344 1225 3399 inservivit
1242 3360 1299 3412 ¹04·
1314 3375 1350 3385 -
1364 3346 1399 3399 ln
1418 3345 1511 3415 gratia-

411 3448 474 3486 rum
487 3431 630 3486 actionem
643 3430 743 3486 indicit
762 3433 892 3508 Pontifex
911 3433 1032 3487 Missam
1052 3433 1089 3488 de
1103 3435 1148 3488 Ss.
1171 3433 1312 3489 Trinitate
1326 3435 1355 3488 in
1370 3433 1511 3504 Hispania

413 3519 505 3588 italia,
518 3529 546 3574 et
565 3528 685 3589 utraque
705 3521 839 3575 America
859 3522 1069 3590 celebrandam,
1083 3521 1215 3592 idemque
1235 3523 1339 3578 suadet
1356 3523 1434 3593 apud
1445 3533 1510 3577 cete·

411 3623 458 3661 ras
470 3607 558 3662 etiam
574 3608 705 3663 nationes
719 3607 913 3678 peragendum
927 3622 984 3677 105.

449 3732 499 3781 22.
522 3731 731 3783 EPiSTOLll
755 3734 998 3785 ENCYCLICA
1020 3735 1060 3784 ds
1077 3737 1212 3786 Rosario
1232 3737 1377 3786 Mariall.
1398 3759 1432 3772 -

413 3821 685 3883 8s0pt.1892...
1365 3837 1430 3890 pag.
1468 3817 1509 3872 ¹06

450 3953 538 4007 Suam
561 3971 578 4008 a
593 3953 702 4008 teneris
721 3953 804 4008 annis
826 3971 893 4023 erga
906 3956 1083 4024 praeclaram
1097 3957 1221 4010 Matrem
1238 3957 1293 4010 Dei
1307 3955 1452 4024 pietatem,
1464 3953 1508 4006 lar·

413 4041 587 4112 gissimaque
600 4041 637 4096 ab
654 4059 689 4096 ea
709 4051 828 4111 accepta
850 4043 997 4110 beneficia,
1011 4043 1135 4098 suaviter
1154 4043 1253 4098 recolit
1277 4043 1417 4112 Pontifex,
1434 4053 1508 4109 atque

413 4139 533 4184 testatur
545 4145 576 4184 se
589 4139 649 4184 toto
665 4128 741 4184 vitae
754 4147 822 4184 suae
836 4129 966 4199 decursu,
985 4130 1108 4184 maxime
1127 4131 1235 4186 veroin
1249 4147 1386 4200 supremo
1399 4133 1507 4201 Aposto-

413 4217 473 4273 latu
494 4217 584 4288 ipsius
603 4218 788 4287 deprecatum
811 4233 904 4290 opem,
915 4235 1060 4290 nunquam
1082 4235 1133 4290 spe
1155 4237 1207 4275 sua
1227 4219 1315 4274 fuisse
1334 4221 1507 4276 frustratum:
