3216 4880
265 313 316 362 AD
344 311 450 362 FIDEI
478 310 681 362 UNITATEM
708 309 966 363 COHORTATIO.
1101 308 1171 386 275

63 459 182 524 abfore
209 473 246 524 ut
270 463 420 537 redeant,
445 460 535 524 unde
559 461 751 538 discessere,
777 459 844 524 fide
879 461 971 525 avita
998 462 1173 544 gloriaque
1233 486 1326 574 15qu

65 579 178 630 vetere
195 567 349 643 illustres,
366 566 538 630 Ecclesiae
552 565 741 632 orientales
753 567 805 630 Eo
817 567 869 630 vel
883 567 1091 650 magisquod
1106 587 1172 630 non
1242 585 1316 649 1894·

65 672 196 754 ingenti
211 671 405 736 discrimine
421 672 663 754 seiunguntur:
679 671 758 750 imo,
774 673 800 734 si
818 691 927 753 pauca
951 671 1111 754 excipias,
1126 673 1173 734 sic
1200 715 1306 748 romana
1317 718 1351 750 se-

64 789 177 840 cetera
201 777 440 851 consentimus,
464 787 501 840 ut
518 777 550 838 in
574 776 655 857 ipsis
672 775 827 840 catholici
853 776 999 839 nominis
1019 775 1173 842 vindiciis
1192 766 1349 881 xm&

65 899 133 942 non
151 897 226 940 raro
241 898 286 942 ex
302 877 467 952 doctrina,
483 897 528 942 ex
545 896 646 954 more,
662 861 707 938 ex
721 876 849 954 ritibus,
861 876 983 958 quibus
993 875 1173 940 orientales
1200 911 1238 946 ne.

64 993 215 1058 utuntur,
240 981 437 1046 testimonia
462 991 563 1063 atque
585 991 785 1063 argumenta
812 1000 1017 1063 promamus.
1044 981 1172 1044 Praeci-
1199 1033 1344 1077 mmm

62 1107 167 1169 puum
184 1087 315 1151 dissidii
332 1095 445 1168 caput,
459 1087 502 1148 de
526 1086 658 1150 romani
676 1085 850 1148 Pontificis
866 1087 1023 1167 primatu.
1042 1083 1172 1148 Verum
1200 1093 1233 1139 m·
1246 1093 1351 1171 Pontifi-

62 1191 244 1272 respiciant
270 1191 313 1254 ad
338 1190 444 1268 initia,
475 1190 614 1254 videant
638 1190 719 1272 quid
749 1191 892 1254 maiores
920 1190 1086 1254 senserint
1114 1191 1175 1266 sui,
1199 1159 1351 1287 3ᾑὺῗῖἷῖ

64 1297 147 1380 quid
159 1293 316 1378 proxima
327 1293 513 1375 originibus
525 1305 616 1358 aetas
629 1295 900 1358 tradiderit.lnde
911 1294 1081 1358 enimvero
1092 1295 1171 1358 illud
1200 1290 1351 1416 Ζξιζξῖἴὴ

65 1400 191 1465 Christi
208 1399 359 1463 divinum
389 1397 630 1474 testimonium,
651 1397 701 1460 Tu
717 1418 750 1460 es
770 1397 893 1462 Petrus
918 1408 951 1460 et
972 1409 1070 1478 super
1091 1398 1176 1462 hanc
1204 1419 1344 1470 orma,

55 1515 191 1585 petram
205 1501 380 1584 aedrfimbo
393 1499 570 1564 Ecclesium
583 1521 696 1576 meam,
708 1499 892 1564 luculenter
902 1511 999 1565 extat
1011 1502 1054 1564 de
1065 1522 1173 1565 roma·
1196 1485 1319 1610 maffia

65 1608 118 1670 nis
133 1605 351 1672 Pontificibus
363 1606 629 1686 comprobatum.
644 1604 758 1686 Atque
774 1606 807 1667 in
820 1603 1020 1669 Pontificum
1034 1625 1174 1670 numero
1202 1617 1283 1680 tuque
1301 1635 1351 1666 non

64 1710 171 1774 lectos
187 1731 232 1774 ex
249 1709 390 1775 Oriente
413 1709 487 1791 ipso
514 1727 581 1770 non
612 1727 737 1788 paucos
765 1709 873 1790 prisca
892 1708 976 1771 vidit
993 1719 1097 1785 aetas,
1114 1711 1174 1772 im·
1199 1689 1318 1802 ffl-fim

64 1816 249 1900 primisque
266 1813 481 1890 Anacletum,
499 1812 702 1889 Evaristum,
719 1813 914 1889 Anicetum,
931 1813 1176 1892 Eleutherium,
1200 1827 1352 1942 myxu-

64 1925 483 2008 Zosimurn,Agathonem:
500 1943 641 2005 quorum
655 1923 823 2007 plerisque
836 1925 1026 2007 contigit,ut
1043 1929 1173 1992 univer·
1201 1953 1264 1990 rum
1281 1946 1323 1992 ad·

64 2052 124 2093 sae
159 2029 362 2092 christianae
401 2025 604 2107 reipublicae
642 2027 972 2092 administrationem
1002 2031 1175 2110 sapienter
1200 2010 1299 2072 πῆμ’·

64 2145 250 2217 sancteque
261 2141 403 2214 gestam,
419 2129 556 2212 proluso
571 2131 674 2194 etiam
691 2132 854 2212 sanguine
871 2145 1113 2198 consecrarent.
1130 2173 1173 2184 -

65 2243 171 2306 Plane
187 2239 291 2320 liquet
322 2257 389 2318 quo
415 2245 576 2315 tempore,
597 2255 664 2318 qua
689 2255 817 2312 caussa,
832 2237 955 2318 quibus
980 2239 1173 2302 auctoribus
1261 2277 1352 2325 onmes

63 2343 184 2407 infelix
201 2341 353 2404 excitata
368 2338 544 2402 discordia.
562 2337 654 2400 Ante
670 2337 751 2402 illud
770 2347 914 2420 tempus,
929 2359 997 2421 quo
1020 2351 1172 2422 tempore
1199 2342 1324 2417 quqndam

62 2450 170 2510 homo
185 2443 352 2528 separavit
369 2443 458 2524 quod
477 2440 570 2503 Deus
586 2439 820 2518 coniunxerat,
830 2452 985 2506 sanctum
997 2453 1068 2507 erat
1081 2448 1170 2527 apud
1194 2409 1349 2534 migras!

62 2569 185 2617 omnes
211 2547 382 2610 christiani
408 2545 498 2608 orbis
525 2556 654 2625 gentes·
670 2543 768 2609 Sedis
795 2545 1014 2627 Apostolicae
1038 2567 1172 2626 nomen,
1197 2539 1314 2652 {mf‘s‘l'

62 2668 272 2731 romanoque
290 2645 453 2721 Pontifici,
469 2655 505 2707 ut
522 2645 612 2707 beati
642 2645 732 2708 Petri
750 2645 933 2708 successori
950 2645 1111 2728 legitimo,
1127 2648 1171 2710 ob
1198 2619 1322 2717 {grisiis

61 2773 208 2835 eamque
224 2771 293 2815 rem
312 2751 400 2814 IESU
420 2749 577 2813 CllutsTI
594 2749 627 2811 in
645 2750 742 2812 terris
758 2750 891 2827 vicari0,
909 2749 1031 2816 Oriens
1047 2752 1171 2834 pariter
1198 2735 1311 2810 Romano

60 2869 168 2940 atque
184 2857 351 2923 Occidens
375 2853 666 2917 consentientibus
692 2853 869 2916 sententiis
891 2854 964 2917 sine
981 2854 1049 2917 ulla
1075 2856 1172 2918 dubi·
1196 2807 1326 2923 lilliil,
1400 2927 1403 2932 Ι

61 2959 393 3044 ῑεῐίοηερατεὸαηῖ.
419 2995 463 3006 -
490 2957 590 3020 Hanc
610 2958 655 3019 ob
677 2975 841 3032 caussam,
857 2957 884 3018 si
913 2959 1109 3038 respiciatur
1129 2962 1171 3023 ad
1200 2932 1350 3045 Ξῗξῇαἶζζο

61 3066 161 3130 initia
177 3065 315 3140 dissidii,
333 3063 473 3126 Photius
486 3062 558 3141 ipse
574 3070 724 3124 oratores
747 3062 790 3124 de
807 3061 905 3123 rebus
931 3063 999 3124 suis
1026 3063 1171 3126 Romam
1201 3059 1352 3139 1051'4239712'

60 3167 285 3232 destinandos
311 3166 458 3230 curavit:
486 3165 647 3228 Nicolaus
673 3163 785 3228 verol
816 3164 975 3228 Pontifex
1002 3167 1172 3230 maximus
1201 3129 1310 3177 assuto.

62 3269 398 3352 Constantinopolim
427 3269 558 3348 legatos
582 3287 670 3344 suos,
699 3267 792 3330 nullo
820 3277 938 3331 contra
972 3269 1115 3348 dicente,
1131 3271 1173 3334 ab

62 3377 161 3442 Urbe
177 3375 277 3452 misit,
292 3383 331 3436 ut
344 3372 476 3454 Ignatii
489 3371 707 3434 Patriarclzae
723 3391 873 3434 caussam
895 3372 1071 3454 diligenter
1085 3375 1173 3438 inve-

59 3480 234 3560 sugerent,
246 3487 278 3540 rt
293 3476 321 3539 S
322 3477 376 3539 edi
387 3475 418 3538 Α
417 3475 589 3557 postolicae
596 3475 703 3558 plenis
711 3497 751 3539 ac
763 3476 932 3540 veracibus
948 3478 1108 3555 referrent
1123 3483 1173 3544 in-

60 3582 162 3646 (liciis
172 3606 184 3646 .·
199 3583 245 3646 ita
273 3591 310 3644 ut
326 3592 400 3644 tota
424 3583 469 3642 rei
497 3593 614 3662 gestae
640 3581 780 3644 historia
805 3582 987 3663 primatum
1013 3605 1172 3649 romanae
1220 3597 1274 3672 Ιζη
1289 3597 1350 3646 crn-

63 3686 174 3764 Sedis,
189 3705 334 3768 quacum
352 3685 524 3748 dissensus
540 3693 613 3748 tum
631 3684 839 3768 erumpebat,
855 3697 971 3768 aperte
988 3688 1172 3755 confirmet.
1200 3663 1283 3790 ἓξὲξ
1296 3727 1331 3776 ll

61 3790 223 3872 Denique
244 3791 277 3852 in
295 3789 446 3854 conciliis
463 3789 594 3870 magnis
610 3799 684 3852 tum
703 3787 924 3872 Lugdunensi
942 3791 988 3869 Il,
1005 3805 1076 3857 turn
1096 3795 1171 3859 Flo·
1200 3793 1315 3870 etrus,

60 3895 206 3970 rentino,
238 3915 432 3978 supremam
471 3913 687 3958 romanorum
733 3894 934 3960 Pontificum
967 3909 1170 3980 potestatem
1200 3859 1343 3973 Quian:

61 4017 165 4064 nemo
182 3999 325 4082 ignorat,
341 3999 429 4063 sacili
451 3999 671 4063 consensione
697 4009 731 4063 et
748 4020 815 4064 una
840 4021 958 4064 omnes
980 4023 1070 4080 voce,
1098 4003 1172 4066 lati·
1199 4005 1242 4104 ἕξ
1260 3988 1348 4102 ππ

60 4121 125 4168 nos
141 4121 348 4186 graecosque
364 4113 402 4167 ut
417 4105 543 4186 dogma
560 4105 724 4170 sanxisse.
1200 4069 1347 4171 callensem.

108 4207 181 4270 lsta
196 4208 333 4290 quidem
350 4207 395 4271 ob
411 4207 497 4271 hanc
515 4226 585 4270 rem
603 4207 757 4272 consulto
778 4209 1017 4288 revocavimus,
1033 4212 1112 4294 quia
1128 4213 1171 4276 ad
1237 4237 1352 4300 spegau·

61 4315 351 4380 reconciliandam
363 4332 480 4397 pacem
494 4313 586 4378 velut
600 4313 822 4379 invitamenta
834 4323 912 4378 sunt
925 4338 932 4380 :
944 4336 985 4380 eo
995 4317 1046 4380 vel
1058 4317 1175 4399 magis,
1202 4301 1353 4432 ‘2³22‘ssss

1250 962 1351 1012 Prima-
