3216 4880
418 227 489 316 298
544 246 727 300 amsrom
747 245 958 299 uncvccrcn
979 235 999 264 “
1019 247 1193 302 rucuuoa
1212 249 1372 302 sannen.
1389 227 1405 254 '¹

273 417 391 463 comnia
415 398 585 482 religionis
606 398 779 474 violatum,
806 397 840 460 in
857 397 962 479 eaque
985 407 1086 484 gente
1113 399 1285 478 violatum,
1312 418 1501 483 oppressum,

238 488 281 529 ⁶⁵³·
417 521 503 583 quae
515 503 557 566 de
568 501 734 566 catholico
747 502 882 566 nomine
895 502 928 564 in
940 501 1056 584 primis
1067 503 1254 587 meritoque
1265 503 1503 587 gloriatur.Tun

237 694 391 744 rudolauda-

239 759 390 824 turEpisco·

250 835 343 904 pyrum
352 840 390 873 sa·
416 814 479 879 bus
489 826 642 880 sanctum
655 833 727 878 esse
739 814 840 880 debet
850 817 979 898 patriae
991 816 1159 900 religionis
1175 820 1259 883 tueri
1273 818 1508 902 dignitatem,et

238 893 391 1020 (ζ’,ἰῗξζῇἵ
416 939 534 1002 greges
545 940 623 983 suos
637 939 702 983 non
717 920 819 984 modo
829 919 872 984 de
883 921 1048 1002 gravitate
1058 922 1196 1003 periculi
1207 923 1507 996 admonueruntsed

275 1022 391 1072 mnrium
417 1024 518 1087 etiam
531 1025 655 1088 hortati
666 1034 743 1087 sunt
756 1031 793 1087 ut
806 1023 969 1088 nefarium
985 1021 1131 1089 dedecus
1143 1025 1283 1091 Auctori
1295 1027 1509 1090 amantissimo

416 1129 533 1192 salutis
550 1137 684 1192 nostrae
700 1128 925 1210 singularibus
942 1127 1113 1210 religionis
1128 1128 1245 1193 officiis
1260 1137 1509 1214 compensarent

417 1233 525 1297 Nobis
542 1243 631 1298 certe
647 1232 787 1298 omnino
808 1231 950 1313 probata
978 1241 1029 1295 est
1044 1232 1210 1297 bonorum
1234 1230 1399 1310 alacritas,
1414 1230 1510 1294 multis

418 1337 527 1400 modis
543 1337 676 1420 egregie
692 1337 871 1413 declarata,
887 1335 1060 1419 valuitque
1076 1335 1118 1402 ad
1136 1335 1328 1398 leniendam
1345 1333 1511 1416 aegritudi-

306 1489 395 1538 Hoset

278 1557 329 1620 ipse
338 1569 392 1604 con·
418 1546 715 1628 opportunitatem,
731 1545 878 1626 supremi
896 1543 1011 1608 Nostri
1029 1546 1175 1609 muneris
1190 1564 1308 1609 vocem
1322 1544 1390 1608 iam
1414 1544 1513 1626 nequi·

264 1627 395 1750 stiffi
420 1669 495 1713 mus
511 1669 660 1733 premere
674 1671 680 1727 ;
693 1660 794 1732 atque
811 1649 946 1712 cumeis
962 1649 1045 1730 ipsis
1063 1649 1310 1732 Episcoporum
1328 1658 1362 1713 et
1380 1647 1511 1712 fidelium

270 1751 393 1865 Clffm'ss·
419 1754 748 1837 expostulationibus
780 1753 923 1817 Nostras
939 1753 1174 1835 coniungimus
1196 1773 1298 1836 quam
1324 1753 1513 1835 gravissime

242 1825 395 1946 ”ijrgms
421 1859 619 1941 Eodemque
629 1859 804 1942 apostolici
815 1857 959 1939 pectoris
971 1857 1085 1921 studio
1101 1875 1167 1939 quo
1184 1855 1385 1940 sacrilegum
1404 1856 1513 1919 lacinus

244 1950 393 2064 'arm'
420 1963 653 2048 conquerimur
669 1974 702 2026 et
728 1980 951 2038 exsecramur,
978 1961 1246 2026 cohortationem
1262 1959 1306 2024 ad
1329 1961 1514 2024 christianas

246 2083 294 2130 rate
317 2087 394 2128 custo-
420 2074 547 2147 gentes,
578 2065 778 2129 nominatim
806 2063 849 2126 ad
875 2062 992 2138 Italos,
1013 2063 1229 2127 vehementer
1259 2063 1473 2138 intendimus,
1486 2075 1514 2125 ut

244 2145 370 2194 utendam.
421 2168 615 2251 religionem
633 2169 767 2243 avitam,
783 2186 870 2248 quae
886 2165 1149 2247 locupletissima
1161 2165 1330 2232 hereditas
1347 2178 1410 2245 est,
1426 2168 1514 2231 invio-

422 2273 488 2337 late
509 2274 710 2348 custodiant,
726 2283 861 2336 strenue
877 2271 1058 2347 vindicent,
1074 2270 1216 2339 honeste
1231 2274 1353 2357 pieque
1375 2273 1469 2338 iactis
1483 2293 1515 2335 ne

322 2395 398 2460 Optat
422 2375 647 2440 intermittant
658 2395 788 2458 augere.
800 2375 975 2456 -Itaque,
986 2375 1048 2438 hac
1060 2377 1161 2441 etiam
1173 2378 1216 2441 de
1228 2397 1356 2456 caussa,
1369 2379 1516 2443 continua

281 2461 397 2539 Mariam
424 2479 563 2544 Octobri
581 2499 693 2542 mense
716 2488 820 2543 certet
835 2487 993 2559 optamus
1024 2479 1230 2562 singulorum
1258 2490 1293 2546 et
1311 2483 1516 2547 sodalitatun

251 2542 397 2642 mmm
423 2585 587 2648 industria
602 2585 635 2646 in
661 2584 788 2646 honore
807 2582 963 2648 habendo
981 2603 1124 2665 magnae
1151 2585 1215 2649 Dei
1233 2585 1345 2664 Matri,
1362 2584 1516 2651 Adiutrici

263 2665 400 2776 „4225
423 2689 553 2770 potenti
566 2687 763 2751 christianae
779 2685 834 2762 rei,
852 2685 1003 2768 Reginae
1015 2687 1150 2750 caelesti
1167 2687 1440 2770 gloriosissimae.
1458 2687 1516 2752 Nos

248 2790 320 2849 roba,
423 2813 501 2856 vero
512 2811 650 2855 munera
664 2789 894 2872 indulgentiae
910 2809 1032 2865 sacrae,
1044 2791 1077 2854 in
1090 2790 1154 2855 hoc
1165 2793 1239 2873 ipso
1250 2802 1351 2856 antea
1365 2811 1518 2863 concessa.

424 2895 575 2960 maxima
588 2893 761 2958 voluntate
776 2892 1023 2959 confirmamus.

279 3013 303 3056 u
314 3005 398 3055 Deum
469 2997 562 3062 Deus
578 3006 701 3074 autem,
717 2995 936 3061 Venerabiles
961 2997 1102 3073 Fratres,
1127 3000 1183 3081 qui
1211 2999 1308 3062 nobis
1332 2999 1434 3063 talem
1458 2997 1518 3061 Me·

248 3079 392 3138 apprecatur
423 3102 593 3166 diatricem
603 3099 836 3182 benegnissimo
848 3098 1054 3163 miseratione
1061 3099 1213 3182 providit
1221 3101 1273 3185 (¹),
1283 3103 1409 3185 quique
1433 3114 1520 3166 toturn

424 3226 482 3271 nos
495 3205 609 3270 habere
625 3203 730 3268 voluit
731 3215 795 3286 per
802 3202 956 3268 Mariam
967 3203 1019 3286 (²),
1032 3205 1182 3268 eiusdem
1195 3203 1355 3288 suffragio
1368 3218 1402 3270 et
1418 3206 1519 3290 gratia,

424 3311 535 3376 faveat
560 3309 796 3374 communibus
822 3309 918 3384 votis,
942 3309 1090 3372 cumulet
1118 3329 1194 3390 spes
1209 3330 1217 3388 ;
1233 3313 1418 3375 accedente
1434 3312 1518 3374 bene·

270 3438 396 3488 benedicit.
424 3415 579 3480 dictionis
595 3413 815 3496 Apostolicae
839 3411 997 3494 auspicio,
1022 3432 1123 3495 quarn
1140 3413 1235 3476 vobis
1257 3414 1340 3496 ipsis
1372 3427 1407 3478 et
1424 3421 1518 3476 vestro

424 3521 585 3604 cuiusque
601 3518 700 3584 Clero
725 3503 1153 3600 populoque'peramantcr
1180 3517 1213 3580 in
1233 3518 1386 3582 Domino
1410 3519 1517 3598 imper·

425 3623 535 3688 timus.

469 3727 598 3790 Datum
630 3725 761 3788 Romae
790 3725 881 3806 apud
913 3722 946 3788 S.
979 3725 1112 3789 Petrum
1144 3725 1199 3788 die
1229 3737 1299 3788 vm
1324 3722 1518 3807 Septembris

425 3843 649 3910 MDCCCXCIV,
664 3827 880 3894 Pontificatus
896 3828 1012 3892 Nostri
1026 3849 1115 3892 anno
1131 3828 1265 3892 decimo
1280 3829 1438 3910 septimo.

1057 3950 1151 4017 LEO
1175 3951 1236 4014 ΡΡ.
1254 3951 1359 4016 ΧΙΙΙ.

456 4103 475 4137 1.
489 4090 513 4135 S.
533 4089 676 4140 Bernardus,
689 4088 772 4132 Dexrr
780 4063 944 4146 praerogatio.
960 4065 1086 4138 usin-13..
1098 4061 1313 4133 aa*
1322 4061 1519 4070 *⁵-

454 4173 475 4204 a.
491 4157 527 4204 ld.
539 4169 608 4204 serm.
623 4157 650 4201 in
660 4155 746 4200 Natio.
760 4156 787 4200 B.
803 4155 840 4201 Μ.
860 4155 896 4208 V„
909 4170 931 4201 n.
951 4169 974 4212 7.

293 628 390 678 Sollici-
416 605 495 687 vigil
510 605 757 688 Episcoporum
771 605 973 682 sollicitudo,
983 607 1122 688 perinde
1134 627 1173 672 ac
1188 610 1377 691 oportebat,
1386 607 1506 672 exarsit:
1574 675 1575 700 ἦ

417 711 474 793 qui
504 711 793 795 expostulationes
824 714 1043 795 aequissImas
1073 715 1116 778 ad
1148 734 1204 780 eos
1236 713 1428 780 detulerunt
1449 715 1506 796 qui·
1574 731 1575 742 ¹

418 1461 495 1504 nem
519 1461 559 1505 ea
576 1443 619 1505 de
636 1461 669 1504 re
690 1441 807 1504 intime
823 1451 1008 1520 acceptam.
1026 1441 1088 1504 Per
1121 1441 1208 1504 hanc
1230 1459 1312 1504 vero
1334 1439 1511 1522 alloquendi
1575 1457 1576 1462 ¹
