3250 4888
416 293 467 344 DE
484 288 781 342 CHRISTOPHORO
798 290 988 344 COLUMBO.
1191 293 1259 365 103

148 455 300 529 oportere,
307 444 497 528 proxi'md
481 465 550 510 ram
570 444 723 527 gentium
749 445 1050 525 innumerabi'ſtrrum
1063 468 1147 532 quae
1165 456 1263 513 antea
1351 453 1383 503 1⁶

149 549 202 618 ad
214 549 387 614 interitum
403 557 542 628 merent,
556 546 671 613 salute.
685 547 829 632 Quod
803 567 830 614 st
850 549 1066 616 Ferdinando
1081 559 1115 616 ct
1137 551 1262 618 isabel·
1318 514 1401 630 reor.

156 653 208 717 lae
224 664 342 718 auctor
358 662 409 718 est
435 661 473 718 ut
497 671 621 717 novum
637 652 753 716 orbem
778 653 862 718 adiri
890 653 1157 739 commerciaque
1186 675 1263 722 cum

154 756 351 840 indigenis
341 755 471 820 institui
488 755 553 818 nisi
567 773 588 819 a
603 754 795 819 christianis
806 756 981 822 catholicis
993 778 1036 822 ne
1050 759 1175 838 sinant,
1189 778 1264 824 cam

154 859 253 925 affert
263 879 427 937 caussam,
437 860 528 944 quod
539 859 659 942 incepto
669 869 847 942 cenamque
860 881 918 925 suo
934 861 1151 945 nz'tilpetr'vr't
1163 857 1268 942 alirid,

150 985 256 1048 qreanr
272 963 441 1048 religionis
456 961 655 1028 christianae
671 964 904 1028 incrementum
917 974 948 1028 et
956 965 1059 1031 decio.
1074 965 1181 1050 quue
1198 966 1268 1032 lsa-

155 1067 276 1146 bcllae,
303 1087 390 1152 quae
408 1067 531 1132 summi
556 1067 616 1131 viri
642 1075 790 1132 mentem
822 1067 1070 1153 introspexerat
1101 1079 1138 1135 ut
1167 1089 1269 1136 nemo

156 1171 288 1250 melius,
303 1171 431 1256 optimc
461 1171 656 1254 cognitum:
682 1171 787 1236 immo
813 1172 902 1238 idem
933 1173 1034 1256 plane
1059 1174 1268 1258 propositum

156 1275 390 1358 pientissimae
420 1283 455 1338 et
475 1273 613 1358 ingenio
642 1273 729 1339 virili
755 1295 948 1358 magnoque
978 1277 1094 1340 animo
1123 1275 1269 1340 feminae

154 1387 292 1444 constat
308 1377 417 1442 luisse.
432 1377 495 1442 Illa
510 1377 601 1442 enim
617 1378 660 1441 de
673 1375 841 1443 Columbo
857 1378 1048 1458 affirmarat,
1070 1378 1220 1444 futurum
1233 1387 1270 1443 ut
1296 1396 1324 1440 ar
1384 1388 1438 1438 lsa-

155 1486 192 1550 in
204 1495 338 1550 vastum
352 1482 528 1550 Oceanum
541 1501 577 1547 se
589 1482 741 1548 animose
753 1484 859 1560 daret,
875 1505 943 1548 rem
952 1485 1132 1566 effecturus,
1136 1483 1345 1570 divinem
1296 1453 1447 1581 reuereri

150 1589 283 1680 glon'ru
297 1588 423 1665 caussei,
438 1599 630 1673 magnopere
645 1587 818 1672 insignem.
831 1589 875 1653 Et
886 1590 955 1654 ad
946 1609 1054 1672 ipsum
1067 1589 1269 1656 Columbum

154 1695 309 1760 secundo
324 1693 491 1770 reducem,
506 1690 626 1774 optime
640 1691 812 1768 collocatos,
828 1693 953 1771 scribit,
967 1713 1047 1776 quos
1071 1693 1209 1777 ipsamet
1234 1694 1269 1758 in

148 1797 374 1880 expeditiones
388 1794 673 1877 Indr'casfecisset,
688 1816 828 1880 quosque
842 1799 1078 1878 essetsactura,
1093 1805 1243 1880 sumptus
1257 1819 1270 1860 .·

151 1901 237 1968 inde
253 1901 341 1966 enim
356 1900 457 1983 ampl
450 1899 641 1984 ficationem
655 1899 829 1965 catholicae
844 1900 895 1964 rei
910 1909 1162 1966 consenuerant

1339 513 1412 556 11111

203 2001 344 2087 Alioqui
357 2010 490 2086 praeter
511 2020 665 2067 caussam
681 2001 831 2066 humana
844 2003 1014 2079 maiorem,
1030 2003 1119 2066 unde
1129 2009 1200 2066 crat
1215 2000 1270 2066 ille
1320 2024 1345 2069 er
1359 2025 1430 2096 repe·

150 2106 388 2176 constantiam
417 2103 588 2188 animique
614 2104 715 2170 robur
736 2105 917 2170 hausturus
933 2107 976 2171 ad
1002 2125 1043 2170 ea
1065 2103 1271 2188 perferenda,
1292 2083 1423 2214 mcx

149 2219 397 2296 quaecoactus
412 2219 581 2293 estusque
597 2209 639 2273 ad
656 2217 848 2274 extremum
874 2208 1018 2292 perferre
1046 2219 1080 2274 et
1111 2209 1239 2292 perpeti
1256 2211 1269 2270 i
1295 2213 1341 2265 dae
1354 2216 1430 2280 serpe

150 2315 345 2380 contrarias
384 2312 603 2397 intelligimus
648 2313 854 2378 eruditorum
896 2314 1091 2391 sententias,
1120 2313 1267 2376 virorum
1295 2279 1441 2396 ffffmff„

154 2419 351 2506 principum
381 2417 544 2501 repulsam
560 2415 699 2482 furentis
716 2415 845 2482 Oceani
861 2426 1091 2500 tempestates,
1117 2416 1269 2482 assiduas
1294 2411 1419 2462 censen

151 2523 301 2606 vigilias,
311 2523 434 2606 quibus
449 2541 547 2587 usum
560 2521 726 2586 luminum
743 2521 818 2603 plus
831 2521 936 2586 semel
948 2522 1071 2588 amisit.
1086 2522 1270 2586 Accessere
1294 2476 1449 2606 9111311111

155 2626 287 2712 praelia
314 2645 391 2690 cum
418 2623 577 2703 barbaris,
593 2625 777 2688 amicorum
803 2633 838 2688 et
861 2625 1028 2690 sociorum
1044 2623 1270 2701 infidelitates,
1294 2606 1396 2658 1111111·

149 2728 406 2798 consceleratae
421 2728 697 2812 conspirationes,
709 2723 901 2792 invidorum
918 2726 1087 2809 perfidiae,
1102 2727 1269 2792 obtrecta-

151 2845 272 2902 torum
288 2833 485 2910 calumniae,
516 2819 695 2916 impositae
722 2832 894 2896 innocenti
911 2833 1102 2914 compedes.
1119 2831 1270 2896 Omnino
1375 2855 1379 2867 ·

141 2957 297 3008 necesse
312 2937 441 3002 homini
469 2947 540 3002 erat
569 2935 740 3002 laboribus
772 2944 888 3002 tantae
910 2936 1007 3000 molis
1019 2955 1058 3001 ac
1074 2945 1171 3002 tanto
1190 2955 1269 3000 con·

151 3063 257 3112 cursu
272 3043 497 3120 succumbere,
512 3043 575 3107 nisi
592 3060 629 3107 se
648 3041 721 3125 ipse
737 3041 943 3106 conscientia
965 3051 1185 3110 sustentasset
1197 3040 1269 3127 pul·

154 3145 315 3212 cherrimi
333 3144 421 3224 lacti,
437 3145 528 3228 quod
545 3144 673 3209 nomini
699 3143 883 3209 cbrrstrano
895 3145 1089 3228 gloriosum
1104 3155 1206 3229 atque
1221 3145 1269 3209 in·

158 3249 278 3316 finitae
290 3247 498 3314 multitudini
515 3247 661 3314 salutare
677 3248 903 3331 perspiciebat
925 3247 1004 3313 sore.
1021 3283 1065 3294 -
1081 3247 1182 3333 Quod
1199 3249 1271 3331 qui·
1296 3263 1435 3385 temporo?

156 3353 240 3418 dem
270 3351 397 3416 lactum
428 3357 499 3435 ipsa
540 3351 702 3435 temporis
734 3351 895 3416 adiuncta
926 3350 1063 3416 mirifice
1095 3337 1358 3417 illustrant.‘⁸s“
1296 3322 1449 3452 mffi

154 3455 338 3540 Siquidem
355 3455 550 3522 Americam
568 3453 755 3521 Columbus
767 3455 898 3536 aperuit
914 3474 983 3538 quo
998 3464 1151 3538 tempore
1166 3475 1271 3540 prope
1296 3451 1408 3502 11111311

158 3570 235 3628 erat
250 3571 287 3626 ut
300 3579 423 3644 magna
439 3562 472 3625 in
491 3560 680 3626 Ecclesiam
698 3559 845 3643 procella
861 3559 1078 3624 incumberet
1096 3559 1270 3644 Quantum
1295 3531 1437 3632 mise

156 3661 325 3748 igiturex
337 3681 446 3726 rerum
463 3663 734 3727 eventisdivinae
752 3661 1065 3744 providentiaevias
1076 3661 1272 3726 existimare
1295 3647 1358 3699 Ber

155 3766 292 3832 bomini
307 3765 395 3842 licet,
406 3785 482 3830 vere
513 3765 672 3848 singulari
687 3764 753 3828 Dei
778 3764 921 3830 consilio
946 3773 1044 3828 natus
1061 3765 1194 3829 videtur
1216 3761 1272 3828 ille
1293 3710 1446 3828 framuh*

162 3871 323 3954 Liguriae
353 3879 591 3936 ornamentum
622 3871 664 3935 ad
691 3890 740 3946 ea,
766 3889 854 3953 quae
880 3868 1047 3934 catholico
1075 3869 1203 3932 nomini
1229 3869 1274 3932 ab
1297 3842 1427 3958 {tw

162 3973 302 4054 Europa
318 3971 562 4055 impenderent,
576 3973 781 4038 detrimenta
797 3973 979 4037 sarcienda.
1297 3971 1429 4023 Απνήωε

207 4073 339 4141 Vocare
356 4075 518 4142 Indorum
543 4095 649 4159 genus
665 4077 708 4141 ad
725 4076 880 4142 instituta
901 4077 1091 4154 christiana,
1100 4084 1172 4140 erat
1198 4097 1272 4158 pro·
1294 4045 1431 4162 {xii

157 4184 255 4248 lecto
272 4179 446 4244 Ecclesiae
459 4199 581 4246 munus
594 4190 696 4264 atque
710 4198 805 4264 opus
822 4179 923 4264 Quod
943 4180 999 4244 illa
1017 4199 1138 4244 munus
1159 4182 1273 4246 statim
1296 4137 1442 4284 panteni

155 4307 182 4352 a
212 4283 379 4369 principio
403 4283 609 4362 inchoatum,
627 4284 781 4350 insistere
805 4292 969 4366 perpetuo
989 4282 1137 4348 caritatis
1160 4235 1340 4348 tenore&
