3250 4888
330 281 381 332 DE
408 281 557 333 ORDINE
583 283 616 332 B.
638 281 676 332 M.
699 283 732 332 V.
762 283 813 332 DE
840 283 993 332 TRAPPA.
1100 291 1101 294 ’
1156 279 1224 354 155

114 450 189 493 rum
207 438 241 492 et
257 429 485 492 Procuratoris
497 428 680 494 Generalis.
698 429 751 495 Sit
772 430 899 494 scilicet
913 431 1079 513 generalis
1103 429 1223 496 Abbas

115 533 337 599 Sebastianus
379 533 509 615 Wyart,
540 533 660 596 Abbas
699 535 894 598 monasterii
933 532 1221 616 Septemlontium

114 636 278 704 dioecesis
295 636 494 700 Molinensis
510 637 543 699 in
561 635 681 701 Gallia.
698 635 901 702 Definitores
925 645 1025 701 sunto
1041 637 1155 701 dilecti
1166 636 1224 700 lilii

20 792 23 796 .
115 740 315 818 Malachias,
345 740 465 805 Abbas
494 741 687 805 monasterii
716 741 841 804 Beatae
873 739 1003 804 Mariae
1037 742 1081 804 de
1114 741 1223 804 Achel

114 845 278 909 dioecesis
295 845 493 908 Leodiensis
509 845 543 908 in
560 843 679 927 Belgio
693 865 701 922 ;
726 844 904 920 Iohannes,
921 843 1014 908 Prior
1029 843 1225 908 monasterii

114 949 412 1014 Trium-Fontium
441 951 474 1012 in
508 948 669 1023 suburbio
691 967 855 1026 romano;
878 949 1080 1025 Bernardus,
1103 946 1222 1012 Abbas

115 1052 311 1118 monasterii
329 1054 454 1116 Beatae
467 1053 595 1116 Mariae
612 1053 822 1117 Thimadeuc
845 1053 1007 1117 dioecesis
1023 1049 1226 1114 Venetensis

115 1155 149 1218 in
179 1155 311 1234 Gallia;
344 1155 567 1238 Augustinus,
591 1155 746 1238 subprior
780 1155 975 1219 monasterii
1010 1154 1052 1219 de
1091 1153 1224 1236 Campo

113 1256 260 1323 Arando
285 1259 449 1322 dioecesis
477 1257 815 1340 Gratianopolitanae
837 1259 870 1320 in
887 1256 1021 1336 Gallia;
1040 1257 1227 1333 Hubertus‚

113 1363 272 1446 subprior
296 1365 492 1428 monasterii
520 1363 649 1428 Montis
674 1363 850 1430 Olivarum
874 1365 1037 1427 dioecesis
1067 1362 1225 1444 Argenti-

1263 454 1388 546 Malim

1283 555 1357 620 1893.

114 1467 228 1529 nensis
266 1466 300 1528 in
340 1465 557 1543 Germania;
596 1465 818 1547 Augustinus,
863 1465 1057 1530 monasterii
1098 1463 1226 1528 Montis
1317 1527 1319 1532 .

115 1570 150 1635 S.
168 1570 328 1634 Bernardi
345 1571 507 1634 dioecesis
524 1569 555 1634 N
559 1569 844 1652 otthingamensis
868 1572 901 1636 in
918 1570 1054 1653 Anglia.
1070 1571 1225 1634 Tandem

114 1685 190 1739 esto
213 1677 413 1739 Procurator
436 1675 601 1757 generalis
627 1675 771 1740 dilectus
795 1675 882 1740 filius
903 1675 1117 1758 Augustinus
1133 1675 1223 1738 idern

117 1777 178 1859 qui
194 1787 229 1841 et
245 1787 364 1842 sextus
381 1775 557 1842 Definitor.
580 1816 624 1828 -
640 1778 702 1842 VI.
726 1779 846 1843 Abbas
861 1779 1027 1861 generalis
1051 1799 1157 1862 usque
1180 1778 1224 1842 ad

116 1879 315 1962 Capitulum
332 1879 489 1960 generale
505 1881 661 1961 proxime
677 1881 915 1946 celebrandum
933 1883 1076 1947 retineat
1088 1882 1224 1946 titulum

115 1982 288 2047 Abbatiae
305 1982 600 2065 Septemlontium,
616 1986 710 2048 cuius
727 1987 876 2069 regimen
893 1987 1025 2050 interim
1042 1987 1225 2050 demanda-

115 2087 166 2149 bit
195 2087 299 2180 Prion
321 2087 365 2150 ab
393 2107 434 2150 eo
458 2087 616 2169 eligendo
640 2098 673 2152 et
696 2091 739 2154 ab
763 2111 802 2153 eo
827 2091 1049 2173 dependente.
1075 2127 1114 2140 -
1144 2089 1228 2154 Vll.

115 2188 272 2252 Tandem
290 2189 480 2268 statuimus,
495 2200 532 2256 ut
555 2191 707 2256 nonnulli
730 2213 774 2256 ex
790 2193 947 2257 omnibus
972 2193 1098 2257 ordinis
1124 2193 1226 2276 parti·

113 2292 188 2370 bus,
204 2293 331 2374 pietate
343 2293 546 2376 ingenioque
569 2297 839 2377 praestantiores,
864 2298 1093 2379 capitulariter
1116 2319 1136 2361 a
1160 2300 1226 2362 sin-

113 2398 205 2480 gulis
221 2397 380 2461 Abbatiis
397 2400 617 2479 proponendi,
633 2411 667 2464 et
683 2401 829 2484 eligendi
853 2403 897 2467 ab
913 2403 1052 2468 Abbate
1069 2403 1224 2468 Generali

115 2521 193 2564 curn
212 2501 467 2580 Definitoribus,
493 2503 525 2565 in
552 2503 615 2567 hac
642 2504 731 2568 alma
759 2507 841 2571 urbe
857 2508 1037 2572 conficiant
1052 2528 1222 2572 sacrorum

111 2604 302 2668 studiorum
319 2625 453 2669 cursum
471 2605 624 2672 altiorem
641 2629 722 2690 prae
733 2612 904 2675 communi
928 2612 1086 2676 omnibus
1098 2611 1225 2676 ordinis

111 2705 253 2771 clericis.
268 2743 312 2755 -
327 2707 408 2770 Vll.
426 2707 482 2770 Ad
511 2711 792 2791 experimentum,
808 2723 842 2778 et
870 2716 982 2797 quoad
1009 2715 1225 2798 approbatae

113 2811 241 2872 luerint
256 2807 526 2890 constitutiones,
542 2813 576 2876 in
600 2823 769 2896 potestate
786 2819 848 2882 erit
875 2819 1134 2902 uniuscuiusque
1152 2819 1224 2884 Ab·

112 2912 213 2989 batis,
253 2912 316 2992 vel,
355 2933 568 2998 quocumque
607 2921 744 2984 nomine
783 2933 1004 3005 nuncupetur,
1036 2923 1225 3006 Superioris

111 3017 246 3093 domus,
270 3037 315 3079 ex
345 3017 478 3082 duobus
494 3019 635 3084 horariis
661 3043 681 3086 a
705 3023 864 3106 Capitulo
894 3027 1045 3108 generali
1079 3028 1225 3094 Sanctae

111 3115 191 3180 huic
209 3115 288 3181 Sedi
305 3119 496 3200 propositis,
513 3141 617 3186 unum
635 3123 821 3190 alterumve
845 3129 951 3210 sequi,
961 3130 1052 3212 quod
1071 3131 1178 3213 magis
1191 3131 1224 3193 in

111 3220 266 3284 Domino
292 3223 454 3302 expedire
477 3225 683 3292 iudicaverit.
705 3267 749 3280 -
770 3231 830 3295 IX.
848 3232 971 3297 Oleum
999 3255 1038 3298 ac
1063 3234 1221 3316 butyrum

111 3325 159 3386 ad
177 3324 432 3389 condimentum
455 3330 697 3409 permittemus.
717 3371 761 3382 -
784 3333 827 3398 X.
856 3334 1002 3400 Decreta
1028 3336 1221 3419 Congrega·

109 3428 216 3491 tionis
242 3427 489 3512 Episcoporum
514 3443 548 3496 et
574 3435 792 3517 Regularium
817 3441 961 3520 negotiis
990 3461 1029 3504 ac
1057 3443 1222 3525 discepta-

108 3530 261 3594 tionibus
277 3532 473 3598 dirimendis
489 3541 711 3620 praepositae,
727 3563 766 3606 ac
783 3542 912 3608 litteras
928 3545 1149 3628 Apostolicas
1160 3547 1223 3611 sub

110 3633 294 3698 Piscatoris
321 3638 424 3701 anulo
446 3639 543 3704 datas
567 3645 664 3706 annis
688 3660 943 3727 nucccxxx1V,
968 3663 1223 3729 nucccxxxvr,

109 3748 371 3815 nucccxxxnr,
386 3753 617 3808 nocccxnvn
630 3756 664 3811 et
681 3763 961 3832 Mocccnxxx1V,
977 3755 1009 3820 in
1035 3755 1156 3836 quibus
1181 3757 1223 3820 de

109 3837 250 3902 familiis
280 3841 529 3926 Trappensium
561 3852 680 3932 agitur,
710 3857 936 3935 praesentiam
968 3857 1156 3924 litterarum
1182 3859 1225 3937 vi,

108 3944 316 4024 Apostolica
331 3953 540 4031 auctoritate,
567 3955 780 4040 abrogamus,
797 3971 832 4026 et
847 3963 971 4028 nullius
999 3965 1128 4029 roboris
1152 3985 1224 4030 arn·

110 4047 203 4130 plius
219 4069 292 4112 esse
309 4052 519 4121 declaramus
535 4060 567 4123 in
585 4063 742 4127 omnibus
766 4085 853 4147 quae
869 4070 1101 4149 praesentibus
1130 4071 1221 4135 hisce

110 4155 235 4218 litteris
259 4157 394 4224 Nostris
421 4164 647 4232 adversantur.
674 4208 719 4221 -
741 4171 803 4237 ΧΙ.
826 4174 879 4238 De
904 4175 1112 4240 Monialibus
1136 4177 1219 4242 nihil

110 4260 325 4340 innovamus,
350 4266 462 4346 quoad
479 4289 620 4353 eaquae
648 4272 739 4338 hisce
764 4273 884 4340 litteris
911 4299 978 4343 non
1006 4279 1153 4344 obstant.
1175 4317 1220 4329 —
1303 4301 1306 4305 ·
