3216 4880
458 286 582 337 INDEX
608 286 862 338 ANALYTICUS.
1145 289 1217 363 345

109 462 247 517 unitatem
256 475 356 514 omnes
368 460 488 514 incitare
499 469 602 528 gentes
615 472 675 527 273.
685 487 721 498 -
734 459 745 511 l
762 458 832 512 Pars
846 476 853 512 :
867 458 1002 513 Gentium
1010 459 1170 516 cohortatio
1182 461 1220 517 ad

110 549 191 604 Fidei
217 548 363 602 unitatem.
386 547 419 600 In
442 546 541 616 primis
564 555 680 615 exoptat
702 543 833 599 Pontifex
855 555 886 598 ut
904 546 1012 616 populi,
1027 547 1220 617 Evangelicae

108 636 236 692 veritatis
258 643 396 704 expertes,
421 643 605 688 sacrosancto
628 634 710 702 'Jesu
732 632 906 686 illustrentur
923 633 1047 688 nomine.
1071 635 1221 690 Ecclesiae

108 723 163 777 hac
177 721 206 776 in
219 739 249 775 re
262 721 375 775 labores
387 719 513 790 exponit,
526 729 554 774 et
566 721 665 788 Jesum
678 720 850 789 deprecatur
867 731 896 773 ut
916 721 953 773 ad
976 719 1102 789 seipsum
1123 723 1221 776 omnia

109 794 203 862 trahat
225 820 350 874 273-274.
371 835 407 844 —
428 804 509 859 Alias
529 822 598 860 vero
617 816 727 874 gentes,
742 805 868 860 veritatis
881 806 949 860 olim
963 806 1092 874 perfusas
1104 808 1221 878 lumine,

109 895 188 950 dolet
201 895 238 950 de
247 895 311 949 sinu
322 894 471 949 Ecclesiae
486 893 576 948 fuisse
589 903 690 962 postea
704 893 872 959 abstractas,
882 895 1002 964 Deoque
1011 894 1144 963 confisus,
1157 896 1220 950 hor·

110 991 185 1036 tatur
201 997 250 1036 eas
263 992 293 1035 ut
308 981 346 1035 ad
359 981 498 1034 unitatem
521 979 639 1034 redeant
662 992 723 1046 274.
748 1009 783 1018 -
808 979 970 1034 orientales
990 981 1139 1034 Ecclesiae
1163 996 1221 1034 non

110 1071 218 1140 ingenti
237 1071 274 1124 ab
288 1069 420 1124 Ecclesia
439 1085 557 1123 romana
579 1068 766 1137 sejunguntur
784 1068 949 1123 discrimine
968 1083 1093 1138 274-275.
1113 1069 1221 1123 -Pri-

110 1167 219 1212 matum
239 1155 349 1209 romani
373 1153 527 1220 Pontificis,
555 1153 661 1207 Christi
691 1153 785 1208 verbis
815 1155 1036 1224 promulgatum,
1067 1153 1121 1222 ipsi
1152 1153 1221 1208 olim

111 1245 273 1299 Orientales
286 1243 406 1312 professi
420 1253 495 1311 sunt,
510 1259 544 1296 ex
558 1241 650 1312 iisque
663 1259 720 1296 nou
734 1242 816 1312 pauci
830 1243 859 1295 in
878 1241 1049 1298 Pontificum
1071 1258 1223 1296 numerum

109 1331 222 1385 fuerunt
232 1330 367 1400 adscripti
382 1343 441 1399 275.
452 1358 487 1368 -
497 1331 607 1384 Omnes
617 1329 763 1399 quondam
774 1329 927 1384 orientales
937 1329 1043 1399 pariter
1051 1340 1137 1400 atque
1147 1330 1221 1384 occi·

110 1419 240 1474 dentales
254 1418 401 1472 Ecclesias
427 1433 546 1472 romano
559 1416 690 1485 paruisse
704 1416 845 1485 Pontifici,
858 1433 893 1470 ex
912 1415 975 1488 ipsa
988 1418 1124 1486 probatur
1137 1416 1221 1470 histo·

110 1508 154 1562 ria
165 1507 252 1569 exorti
271 1505 381 1560 dissidii
404 1519 463 1574 275.
477 1535 513 1544 -
528 1507 561 1558 ln
577 1505 715 1560 Conciliis
741 1505 831 1574 Lugd.
847 1507 876 1559 ll
898 1516 926 1560 et
941 1506 962 1558 F
966 1507 1026 1572 lon,
1040 1504 1142 1559 Graeci
1156 1520 1221 1558 curn

111 1593 221 1650 Latinis
234 1595 270 1647 de
284 1594 338 1648 hoc
351 1593 485 1662 dogmate
499 1609 673 1649 consensere
685 1606 716 1658 27
720 1605 744 1662 5.
755 1621 791 1632 -
801 1593 859 1662 Spe
867 1593 996 1662 gaudens
1011 1593 1141 1647 Pontifex
1148 1592 1220 1646 futu·

110 1698 160 1738 rae
178 1681 304 1749 unitatis,
322 1681 527 1736 dissidentibus
548 1680 681 1751 proponit
708 1680 889 1735 Bessarionis
908 1681 1004 1749 verba,
1028 1678 1222 1734 Orientalibus

111 1770 281 1825 concordiae
294 1779 477 1840 praeceptum
491 1769 661 1824 inculcantis
676 1771 800 1838 275·276.
813 1776 848 1808 -'-
862 1767 1116 1822 Nonnisicaritate
1125 1765 1223 1820 divina

111 1867 242 1912 movetur
255 1857 385 1912 Pontifex
396 1857 434 1912 ad
447 1856 626 1912 suadendam
640 1856 872 1926 conjunctionem
886 1873 892 1910 :
914 1872 988 1926 quae
1008 1855 1124 1926 quidem
1137 1855 1223 1924 plena

112 1945 148 2000 sit
160 1955 281 2015 oportet,
295 1946 323 2000 in
338 1945 420 2000 Fidei
433 1955 462 2000 et
474 1945 624 2014 regiminis
637 1943 746 1999 unitate
758 1943 918 1999 consistens
933 1945 993 2008 276.
1005 1973 1041 1983 —
1055 1943 1143 1996 Nullo
1157 1941 1224 1996 inde

112 2031 261 2088 Ecclesiae
274 2032 427 2087 orientales
433 2033 497 2102 jure
511 2031 684 2100 minuentur,
697 2043 742 2086 ast
757 2047 863 2100 magna
870 2038 1000 2086 crescent
1010 2028 1151 2099 dignitate
1161 2027 1222 2092 276.

111 2149 146 2159 -
167 2120 260 2191 Ipsius
273 2120 404 2190 liturgiae
417 2119 566 2174 orientalis
582 2135 681 2189 preces
694 2136 748 2190 pro
762 2119 870 2174 unitate
882 2117 958 2187 fidei,
973 2119 1052 2172 Deus
1065 2115 1199 2173 exandiat
1215 2117 1221 2170 l

111 2207 238 2274 276·277.
251 2235 286 2246 -
301 2205 482 2277 Supradicta
496 2206 629 2261 Pontifex
644 2205 745 2276 paucis
759 2206 853 2261 verbis
866 2206 1010 2261 contrahit
1023 2219 1086 2272 277.
1099 2233 1134 2242 —
1145 2201 1223 2258 Slavi

111 2295 280 2350 nominatim
297 2293 546 2364 compellantur,a
570 2293 621 2348 SS.
636 2293 744 2363 Cyrillo
765 2303 793 2348 et
820 2293 971 2350 Methodio
991 2295 1029 2348 ad
1050 2291 1224 2347 catholicam

112 2383 214 2438 Fidem
228 2381 295 2436 olim
309 2380 466 2451 aggregati,
479 2391 582 2450 postea
595 2397 693 2436 veroa
707 2382 884 2452 professione
902 2397 1021 2437 romana
1034 2379 1144 2448 delapsi
1162 2391 1223 2444 277.

111 2498 147 2508 -
160 2466 261 2538 Populi
283 2467 320 2520 ab
339 2465 471 2520 Ecclesia
484 2465 635 2520 recentiori
650 2477 779 2537 ternpore
803 2467 934 2538 sejuncti,
950 2483 985 2521 eo
1002 2467 1063 2534 jaun
1083 2466 1224 2519 devenere

112 2556 215 2612 erroris
235 2564 266 2609 ut
286 2555 364 2610 nulla
386 2554 510 2625 supersit
525 2564 603 2610 certa
615 2555 682 2612 fidei
696 2555 827 2625 formula,
841 2558 1110 2626 impugneturquea
1128 2551 1226 2606 multis

112 2648 175 2715 ipsa
188 2643 294 2698 Christi
307 2643 451 2712 divinitas,
464 2652 492 2699 et
506 2643 662 2699 auctoritas
680 2646 709 2700 S.
724 2645 888 2715 Scripturas
903 2643 1029 2711 277-278.
1043 2669 1079 2680 -
1099 2643 1133 2696 ln
1146 2650 1227 2695 tanta

112 2750 165 2789 sua
177 2732 383 2787 sententiarum
395 2731 540 2786 discordia
553 2745 651 2788 sectae
665 2733 841 2803 praedicant,
854 2743 884 2788 at
897 2733 1010 2800 frustra,
1024 2729 1151 2786 caritatis
1161 2744 1227 2782 con·

108 2819 297 2890 junctionem,
309 2835 383 2888 quae
396 2819 513 2888 quidem
527 2820 601 2874 inter
611 2837 661 2874 eos
671 2830 784 2875 tantum
797 2821 955 2876 consistere
967 2829 1062 2890 potest
1075 2835 1147 2888 quos
1156 2815 1227 2870 fides

112 2905 211 2960 fecerit
224 2915 321 2959 mente
339 2905 497 2959 concordes
521 2907 581 2971 278.
596 2907 814 2976 -Complures
835 2907 909 2962 inter
930 2907 1112 2972 dissidentes,
1125 2921 1160 2958 ex
1179 2903 1229 2957 illa

111 3002 255 3048 sectarum
280 2991 446 3047 diversitate
472 2992 639 3048 intellexere
661 2993 825 3048 Ecclesiam
851 3011 1000 3048 romanam
1026 2994 1117 3046 solam
1143 3007 1228 3046 verae

112 3082 263 3138 Ecclesiae
276 3080 402 3151 speciem
412 3097 482 3151 prae
495 3099 527 3136 se
541 3081 761 3153 ferre,illamque
775 3083 840 3138 ideo
851 3083 930 3138 multi
940 3100 974 3138 ex
982 3083 1052 3154 ipsis
1067 3097 1227 3152 propugna-

111 3179 213 3227 verunt
226 3169 340 3239 scriptis
354 3169 477 3239 egregiis
493 3169 552 3236 278.
567 3199 602 3208 -
618 3171 730 3225 Horum
749 3173 910 3241 exemplum
929 3182 959 3226 ut
974 3171 1119 3226 imitentur
1139 3167 1227 3222 ceteri

112 3267 177 3312 orat
190 3255 272 3312 enixe
286 3257 417 3310 Pontifex
437 3257 567 3326 278-279.
582 3287 617 3295 -
640 3257 780 3312 Catholici
801 3269 930 3326 caveant,
940 3259 1001 3328 jam
1021 3256 1138 3311 unitatis
1151 3271 1227 3309 com-

112 3353 204 3416 potes,
224 3361 261 3398 ne
274 3354 385 3400 tantum
400 3344 455 3398 Dei
469 3345 643 3400 beneficium
656 3355 838 3416 corrumpant
852 3367 859 3413 ;
872 3345 988 3401 monitis
1002 3347 1030 3402 S.
1046 3345 1129 3400 Sedis
1142 3353 1227 3414 atque

113 3433 264 3488 Ecclesiae
285 3431 451 3501 magisterio
471 3433 667 3504 obsequantur
686 3432 808 3489 libenter
826 3447 878 3502 279
895 3455 902 3498 ;
922 3462 958 3472 -
976 3445 1084 3488 rectam
1112 3441 1228 3487 teneant

114 3519 266 3576 Ecclesiae
277 3519 424 3575 notionem
436 3537 510 3591 qnae
524 3521 648 3576 societas
661 3522 789 3592 perfecta
801 3533 854 3590 est,
875 3523 961 3578 finem
978 3521 1089 3576 habens
1106 3521 1227 3574 salutern

113 3607 283 3676 animarum,
297 3607 455 3678 mediisque
467 3607 606 3662 divinitus
620 3609 759 3666 instructa
771 3610 810 3664 ad
827 3611 903 3664 hunc
925 3611 1011 3665 finem
1028 3608 1227 3678 attingendum

113 3695 284 3751 necessariis
297 3707 357 3763 279.
376 3725 412 3735 -
426 3694 529 3750 Libera
547 3696 634 3766 igitur
650 3697 686 3750 sit
706 3697 838 3752 Ecclesia
859 3697 888 3752 in
911 3697 1044 3752 omnibus
1065 3712 1139 3766 quae
1161 3707 1228 3749 sunt

114 3782 158 3837 sui
167 3783 239 3853 juris
251 3794 362 3852 oportet
378 3800 454 3852 ;qua
467 3783 586 3854 quidem
609 3785 739 3840 libertate
757 3785 870 3840 nonnisi
885 3787 913 3840 in
934 3787 1056 3840 salutern
1069 3785 1155 3838 utitur
1168 3784 1228 3836 ani·

114 3871 393 3939 marum279·28o.-
401 3871 517 3942 'Dejure
526 3889 577 3926 suo
588 3873 772 3944 saepiusipsa
782 3873 974 3942 cedit,nedum
985 3875 1023 3927 ad
1033 3890 1064 3927 se
1074 3871 1228 3943 quicquam

114 3961 207 4031 rapiat
220 3961 257 4016 de
266 3960 329 4030 jure
342 3960 454 4030 imperii
467 3979 474 4016 :
488 3961 615 4017 vicissim
629 3973 758 4018 vereatur
772 3974 884 4034 oportet
892 3963 1044 4034 imperium
1051 3964 1116 4034 jura
1129 3963 1228 4016 Eccle-

115 4047 183 4102 siae.
211 4047 293 4102 Haec
318 4063 386 4103 vero
409 4048 575 4105 omnimode
598 4049 769 4121 opprimitur
794 4065 892 4108 nostra
912 4063 1015 4120 aetate,
1035 4067 1141 4120 magno
1164 4067 1228 4104 curn

116 4133 262 4189 civitatum
276 4135 448 4191 detrimento
461 4135 522 4191 280.
535 4166 571 4176 -
583 4137 652 4192 Vult
670 4138 751 4194 Deus
764 4139 915 4195 distinctas
935 4156 1103 4210 permanere
1115 4136 1229 4193 civilern

117 4233 145 4278 et
154 4239 267 4278 sacrant
274 4233 534 4294 potestatem,vetat
544 4239 609 4280 esse
618 4225 926 4300 sejunctas,ipsumque
937 4225 1230 4284 societatishumanae
