3250 4888
734 585 791 644 nd
814 581 1000 645 Comitem
1022 579 1069 638 de
1092 577 1167 638 Loe

565 753 631 812 DE
662 741 926 812 convEnTU
955 735 1350 849 CATHOLIcORUM

211 1219 212 1222 ¹
253 1191 344 1289 ij„
589 1199 640 1252 tto
659 1185 727 1248 sint
757 1202 836 1264 erga
856 1181 929 1246 Nos
955 1181 1069 1244 animo
1096 1177 1298 1242 Germaniae
1327 1175 1442 1241 fideles
1474 1188 1511 1240 et

260 1292 331 1354 1892·
607 1308 675 1372 quo
699 1285 840 1368 flagrent
871 1285 984 1350 studio
1011 1282 1157 1346 tuendae
1187 1279 1357 1364 religionis
1387 1281 1510 1357 avitae,

252 1459 375 1521 Pergrara
399 1185 586 1559 Q
608 1411 695 1456 novo
714 1399 747 1455 et
770 1389 911 1454 solemni
939 1387 1158 1472 prodiderunt
1182 1384 1307 1449 indicio
1338 1384 1511 1467 praeclara

223 1524 273 1573 sibi
289 1519 374 1586 fuisse
413 1583 416 1590 ⁴
607 1497 699 1572 scita,
729 1492 872 1576 probata
901 1491 1059 1556 concordi
1086 1487 1246 1572 suffragio
1273 1488 1306 1552 in
1338 1499 1509 1552 conventu

258 1593 376 1717 lim}
401 1607 569 1685 Fuldensi,
592 1621 735 1688 quorum
763 1597 967 1680 exemplum,
990 1605 1024 1660 te
1054 1601 1192 1660 curante
1219 1611 1326 1676 nuper
1356 1591 1398 1655 ad
1432 1591 1509 1656 Nos

270 1734 333 1783 quae
345 1719 374 1766 ⁸⁸¹¹
400 1710 560 1797 pervenit.
579 1706 746 1789 Equidem
763 1704 845 1768 dum
860 1709 958 1783 grato
970 1701 1202 1784 prosequimur
1213 1699 1328 1762 animo
1338 1697 1508 1781 significa·

253 1789 377 1898 xm·
400 1817 509 1879 tiones
535 1811 669 1894 pietatis
687 1818 825 1884 vestrae,
841 1825 927 1890 quae
943 1825 1002 1868 vos
1025 1803 1103 1868 lacit
1120 1804 1162 1867 de
1177 1803 1333 1866 libertate
1348 1810 1384 1866 et
1411 1813 1509 1866 exte·

239 1919 372 1972 suntuna,
400 1919 484 1981 riore
510 1915 678 1998 dignitate
692 1913 819 1976 Nostra
835 1907 1006 1986 sollicitos,
1022 1905 1130 1970 lacere
1145 1928 1212 1971 non
1230 1926 1408 1988 possumus
1424 1908 1508 1990 quin

239 1979 375 2096 gam
401 2021 518 2094 merita
534 2017 633 2082 simul
651 2033 808 2080 ornemus
824 2013 924 2077 lande
937 2012 1045 2076 zelum
1059 2032 1126 2096 quo
1139 2012 1342 2076 contenditis
1359 2020 1396 2075 ut
1411 2011 1511 2074 liber-

225 2109 373 2228 nam]
400 2132 504 2199 tatem
522 2122 656 2204 plenam
682 2120 715 2183 in
736 2116 902 2182 catholica
920 2116 1080 2198 religione
1101 2115 1243 2180 colenda
1263 2115 1409 2179 civilium
1427 2134 1511 2198 quo·

254 2245 374 2320 rramqon·
401 2247 465 2310 que
489 2225 602 2308 legum
627 2221 836 2290 communiat
863 2221 1054 2286 auctoritas.
1073 2220 1113 2283 ld
1139 2221 1312 2284 enimvero
1338 2229 1372 2283 et
1398 2219 1511 2285 Nobis

224 2313 374 2437 u'jssje'm'
401 2349 554 2394 summae
569 2346 669 2392 curae
684 2347 757 2390 esse
773 2327 840 2389 iarn
856 2334 929 2388 tum
946 2323 1058 2406 palam
1074 2325 1286 2387 ostendimus
1298 2343 1404 2406 quum
1430 2323 1505 2387 istic

226 2438 374 2500 rigionum·
402 2432 568 2496 catholica
588 2431 706 2512 religio
722 2428 828 2492 civilis
853 2428 963 2491 cultus
979 2427 1095 2491 tuendi
1116 2427 1251 2490 nomine
1268 2427 1504 2508 impeteretur:

225 2503 378 2619 mm&
403 2557 470 2619 quo
495 2535 736 2617 temporessnon
762 2533 922 2597 desiimus
943 2533 1056 2594 conari
1088 2541 1124 2594 ut
1149 2530 1238 2613 leges
1267 2531 1512 2614 abrogarentur

227 2633 377 2750 fflsscffif
405 2636 575 2702 Ecclesiae
592 2635 751 2713 infensae,
768 2635 817 2698 sin
832 2634 942 2699 minus
955 2655 1069 2699 earum
1083 2635 1241 2700 leniretur
1257 2637 1430 2706 acerbitas.
1442 2636 1511 2700 Eo-

228 2767 370 2817 muniaeur.
403 2743 480 2806 dem
504 2743 618 2806 studio
640 2741 744 2804 etiam
776 2739 809 2801 in
838 2756 994 2820 praesens
1020 2739 1238 2818 incendimur,
1259 2740 1386 2824 quippe
1416 2741 1510 2823 quod

249 2833 377 2960 ma}
404 2865 512 2928 neque
543 2844 651 2910 indita
668 2843 777 2908 Nobis
793 2841 836 2906 ab
863 2842 1000 2906 ineunte
1030 2853 1142 2928 aetate
1173 2841 1264 2919 fides,
1281 2863 1390 2926 neque
1423 2845 1512 2908 ratio

260 2961 378 3012 obstitisse
404 2949 576 3012 ministerii
595 2947 712 3012 Nostri
729 2948 817 3010 sinat
835 2945 1006 3028 restingui.
1030 2945 1219 3030 Eapropter
1235 2946 1316 3010 nihil
1345 2947 1512 3010 habemus

226 3027 378 3143 ‘'”fnf‘ssjss
404 3053 574 3136 antiquius
593 3072 694 3135 quam
709 3051 792 3116 utin
810 3049 928 3114 illustri
946 3051 1054 3132 patria
1071 3059 1180 3116 vestra
1202 3051 1369 3116 catholica
1395 3051 1512 3134 religio

228 3158 380 3273 “imile
403 3165 604 3240 augescente
624 3157 656 3218 in
673 3156 745 3222 dies
761 3156 981 3239 prosperitate
1005 3153 1131 3231 floreat,
1158 3156 1372 3220 adversarum
1397 3154 1512 3238 legum

227 3289 336 3340 „,„„·„,‚
403 3259 565 3344 expedita
600 3260 753 3338 nexibus,
770 3277 884 3323 earum
909 3258 1105 3340 praesertim
1133 3278 1220 3340 quae
1245 3260 1287 3322 ad
1320 3257 1511 3340 religiosam

266 3413 379 3476 Exopeae
404 3365 571 3446 pertinent
597 3362 779 3427 iuventutis
810 3361 1067 3427 institutionem.
1095 3361 1215 3446 Itaque
1239 3381 1344 3446 quum
1373 3379 1414 3425 eo
1440 3381 1509 3444 quo

277 3477 379 3554 arroges
405 3467 476 3532 Nos
493 3469 708 3546 intendimus,
724 3467 851 3530 conniti
878 3486 937 3530 vos
962 3465 1064 3529 etiarn
1087 3477 1120 3528 et
1136 3465 1282 3549 reliquos
1307 3465 1512 3530 Germaniae

275 3557 379 3607 ’ΨΜ
404 3570 518 3650 fideles
545 3571 782 3653 intelligamus,
810 3589 946 3634 necesse
976 3581 1027 3635 est
1053 3569 1126 3634 Nos
1158 3571 1302 3644 meritas
1318 3571 1412 3636 vobis
1428 3571 1511 3634 dare

223 3609 374 3671 praesertim

225 3673 378 3787 ‘swelffisg
404 3674 519 3738 laudes
535 3674 580 3739 ob
596 3693 736 3756 eaquae
756 3673 917 3755 gessistis,
934 3673 1146 3757 Nostraeque
1161 3675 1361 3739 hortationis
1386 3675 1511 3740 addere

230 3756 377 3852 {nm-mi,
404 3779 608 3846 stimulos'ut
625 3797 740 3841 eorum
756 3788 932 3860 compotes
948 3779 1137 3842 efficiamini
1155 3799 1241 3862 quae
1257 3779 1367 3843 adhuc
1380 3787 1459 3843 sunt
1474 3779 1511 3842 in

222 3869 377 3998 ffiffl'
404 3885 537 3967 optatis.
556 3883 664 3965 igitur
679 3881 808 3965 pergite
823 3881 977 3946 alacriter
990 3904 998 3962 ;
1011 3883 1171 3966 omnique
1193 3893 1326 3947 utentes
1342 3883 1511 3966 praesidio

320 3971 326 3986 ⁸
404 3999 438 4052 et
453 4009 517 4070 ope
533 4007 620 4072 quae
644 3987 827 4052 catholicos
858 3985 1011 4049 homines
1038 3987 1165 4066 deceat,
1182 3989 1284 4050 ductu
1302 3996 1336 4050 et
1359 3986 1511 4068 auspicio

404 4112 573 4156 sacrorum
605 4092 978 4174 Antistitum,quorum
1010 4090 1202 4155 constantia
1226 4099 1259 4154 et
1285 4089 1368 4153 fides
1390 4089 1442 4153 vel
1475 4089 1511 4152 in

405 4200 555 4262 maxima
577 4197 758 4280 asperitate
785 4216 893 4260 rerum
910 4195 1018 4262 Nobis
1041 4194 1104 4259 luit
1120 4195 1365 4276 probatissima,
1380 4197 1424 4259 ad
1440 4215 1512 4259 me-

404 4312 474 4366 tam
486 4303 692 4384 propositam
706 4301 868 4378 festinate,
878 4299 993 4365 confisi
1011 4300 1190 4384 propitiam
1203 4301 1298 4364 vobis
1314 4297 1510 4367 adiuturam
