3216 4880
109 1231 376 1308 asumptum
401 1229 549 1284 vestrum
575 1241 593 1282 e
618 1239 746 1302 nupero
769 1219 1027 1284 Vindobonensi
1051 1231 1149 1286 coetu
1172 1223 1222 1286 di·
1318 1246 1330 1277 ι

141 1289 296 1552 Uli
318 1324 596 1408 gressum,visum
614 1323 816 1402 tibi‚dilecte
833 1322 879 1386 fili
891 1323 1025 1402 Noster,
1035 1327 1222 1408 ceterisque
1284 1291 1364 1408 istas

109 1309 244 1611 {NA
272 1387 297 1532 ξ
319 1448 378 1510 per
400 1426 561 1490 Austriae
584 1425 667 1490 fines
691 1447 861 1492 sacrorum
886 1428 1108 1492 Antistitibus
1130 1449 1220 1492 com·
1287 1459 1399 1522 Acceptis

188 1537 298 1611 φῂς
321 1551 439 1594 munes
464 1529 505 1592 ad
522 1530 593 1594 Nos
616 1531 695 1593 dare
713 1531 848 1608 litteras,
869 1552 956 1612 quae
980 1531 1078 1596 simul
1101 1541 1134 1596 et
1151 1552 1221 1596 arc·
1246 1525 1277 1573 αὖ
1295 1523 1398 1572 Austri-

111 1639 289 1718 tissimam,
318 1658 405 1722 quae
435 1656 495 1701 vos
532 1637 618 1700 inter
648 1647 707 1712 est,
737 1637 912 1700 caritatem
946 1647 1157 1716 testarentur,
1187 1648 1221 1704 et
1242 1589 1391 1720 {blelgiis

111 1745 361 1808 observantiam
384 1742 417 1805 in
435 1741 551 1824 primis
574 1739 760 1804 officiorum
785 1741 1013 1824 plenamque
1036 1763 1154 1806 omnes
1177 1744 1219 1807 ad
1241 1726 1387 1834 {mzm'

111 1867 215 1911 unum
234 1866 425 1931 supremam
442 1845 533 1909 beati
548 1843 636 1907 Petri
648 1843 772 1909 Sedem
789 1844 907 1908 colitis
920 1845 960 1909 Id
973 1866 1074 1928 quam
1088 1856 1220 1928 gratum
1246 1859 1303 1899 rum
1322 1851 1382 1898 Vin·

112 1951 187 2016 Nos
210 1961 433 2034 optatumque
452 1949 688 2030 acceperimus,
703 1948 863 2012 iudicium
887 1949 931 2012 sit
956 1959 1114 2016 vestrum.
1130 1951 1221 2013 Nam
1247 1917 1375 2041 {ism}

111 2075 200 2137 quae
227 2056 415 2118 animorum
441 2053 553 2116 studia
584 2049 720 2115 desertis
750 2061 822 2115 tum
851 2052 1022 2131 universis,
1049 2073 1133 2134 quas
1164 2073 1223 2134 per
1247 2048 1365 2162 {ffij'lm

112 2169 236 2223 exacta
260 2155 477 2222 Pontificatus
509 2165 662 2237 tempora
685 2155 863 2230 edidimus,
887 2156 1006 2218 litteris
1033 2155 1221 2238 encyclicis,
1248 2112 1367 2226 sf'ffi

111 2273 186 2328 tum
204 2263 382 2346 postremis
400 2261 606 2342 praesertim,
622 2279 704 2342 quas
720 2259 877 2322 dedimus
900 2258 943 2323 de
960 2259 1145 2324 Bibliorum
1170 2281 1221 2324 sa·
1239 2243 1399 2374 Jffi‘ffluii

110 2388 243 2432 crorum
271 2366 549 2450 interpretatione
577 2375 693 2428 sancte
721 2363 763 2427 ad
790 2364 961 2428 Ecclesiae
987 2365 1078 2448 leges
1106 2365 1221 2430 mode·
1248 2375 1374 2424 arsamus.

112 2474 233 2550 randa;
249 2493 289 2534 ea
304 2493 364 2537 vos
380 2471 507 2534 alacres
523 2470 565 2532 ad
583 2488 699 2531 vocem
718 2469 801 2533 Eius
826 2469 1064 2552 excipiendam
1081 2469 1221 2534 demon·

112 2585 231 2652 strant,
246 2575 298 2638 cui
315 2573 469 2638 Christus
484 2591 649 2654 agnorum
676 2572 858 2654 oviumque
883 2575 1128 2655 pascendorum
1146 2591 1221 2656 pro-

111 2681 258 2743 vinciam
275 2678 501 2742 demandavit.
519 2677 593 2758 Qua
619 2677 651 2739 in
681 2697 715 2740 re
742 2697 808 2741 non
837 2697 1015 2758 possumus
1030 2678 1110 2759 quin
1127 2677 1223 2740 vobis

111 2785 321 2867 gratulemur
358 2801 570 2863 magnopere.
602 2779 680 2864 Quo
710 2782 834 2843 etenim
871 2781 1063 2845 obstrictius
1093 2781 1221 2844 Pastori

112 2909 248 2954 summo
265 2888 424 2970 Episcopi
441 2887 692 2962 adhaerescunt,
707 2905 749 2949 eo
770 2885 987 2967 locupletiore
1002 2905 1087 2949 vena
1104 2887 1136 2949 in
1154 2906 1222 2948 cre·

110 2995 202 3058 ditos
218 2993 280 3056 sibi
298 2991 440 3074 populos
455 2990 602 3053 vividam
619 2989 710 3052 illam
727 2989 886 3052 virtutem
903 2989 1113 3067 derivabunt,
1128 2990 1222 3052 cuius
1240 3053 1243 3062 ,

111 3099 208 3178 origo
224 3097 384 3160 divinitus
400 3097 433 3158 in
452 3095 551 3158 Petro
567 3103 626 3158 est.

158 3199 316 3266 Officiose
332 3209 443 3263 autem
460 3199 550 3281 quod
569 3197 723 3280 gaudetis
740 3197 773 3260 in
791 3198 923 3261 devexa
943 3205 1054 3261 aetate
1079 3216 1146 3259 non
1164 3197 1221 3260 de·
1297 3242 1350 3291 Deo
1361 3258 1400 3291 ac·

112 3305 208 3369 vexis
227 3302 298 3365 Nos
315 3303 363 3365 uti
385 3301 519 3379 viribus,
535 3302 568 3365 id
596 3301 760 3366 bonorum
789 3301 941 3364 omniurn
970 3301 1118 3383 largitori
1146 3301 1221 3363 Deo
1247 3315 1339 3371 ceptam
1351 3323 1388 3356 re-

111 3407 300 3482 tribuimus,
315 3406 408 3468 cuius
426 3405 625 3470 mortificare
641 3415 692 3468 est
715 3415 748 3469 et
772 3405 948 3481 vivificare,
962 3405 1088 3486 quique
1111 3404 1143 3466 in
1170 3411 1222 3467 tot
1239 3373 1399 3501 ffljm,

112 3521 250 3593 tamque
266 3510 392 3590 asperis
407 3518 598 3590 temporum
615 3509 778 3589 augustiis
803 3507 901 3589 erigit
926 3505 998 3570 Nos
1023 3526 1062 3569 ac
1085 3504 1220 3569 solatur.
1247 3505 1376 3552 aetatein·

113 3615 144 3678 N
149 3635 201 3676 am
219 3613 310 3696 quod
327 3611 475 3676 sollertia
488 3611 614 3674 Nostra
631 3611 995 3690 minimedesideretur,
1010 3619 1048 3676 ut
1066 3609 1219 3692 nuspiam
1247 3576 1370 3682 {fama

111 3717 330 3780 cbristianum
349 3734 471 3778 nomen
489 3715 680 3778 detrimenti
708 3715 790 3797 quid
818 3715 938 3797 capiat,
955 3714 1060 3778 immo
1085 3733 1164 3776 vero
1187 3720 1221 3774 et
1248 3706 1385 3813 'tssffi

110 3832 274 3904 augeatur
290 3821 322 3883 in
340 3821 411 3884 dies
428 3831 461 3884 et
477 3819 598 3901 vigeat,
614 3819 678 3882 hoc
695 3827 754 3896 est,
770 3818 892 3883 dilecte
907 3817 954 3881 fili
979 3818 1112 3894 Noster,
1129 3817 1220 3899 quod
1247 3781 1355 3943 idiotae

1265 3911 1328 3944 uum
1342 3911 1388 3943 lm·

108 3928 180 3990 iure
196 3925 327 4007 optimo
343 3945 363 3988 a
381 3924 489 3987 Nobis
505 3921 653 4006 postulet
676 3943 992 4006 supremus2quem,
1009 3923 1085 3986 Deo
1107 3923 1221 4004 dispo·
1243 3962 1380 4024 purcma-

110 4041 221 4108 nente,
237 4029 393 4112 gerimus,
411 4027 643 4112 Apostolatus.
670 4027 733 4090 Est
760 4030 885 4092 etenim
914 4027 1067 4091 Ecclesia
1096 4025 1221 4092 Christi
1247 4041 1399 4140 meretis*

109 4137 270 4203 columna
286 4147 319 4198 et
331 4133 580 4198 firmamentum
597 4133 748 4196 veritatis
762 4153 769 4210 ;
781 4133 999 4216 quamobrem
1014 4144 1051 4196 ut
1063 4132 1219 4196 tenebras
1246 4157 1325 4214 m,

111 4242 247 4307 assidue
263 4237 421 4320 depellat,
437 4257 562 4301 errores
578 4235 743 4319 profliget,
759 4237 867 4300 lucem
881 4235 1037 4300 humanis
1050 4237 1220 4300 mentibus
