3250 4888
680 717 745 778 na
775 703 986 782 nossmo
1015 721 1243 782 msnrnm.
1477 680 1499 791 {l}

525 898 664 925 ‘T'-‚'''*‡'‘f

273 1066 345 1162 seir.
622 1079 726 1130 cuna
753 1067 819 1132 Dei
847 1068 967 1132 Matris
988 1089 1142 1156 =amorem
1170 1080 1205 1136 et
1233 1071 1360 1137 cultum
1384 1073 1516 1156 quoties

272 1170 344 1235 189²·
616 1189 661 1234 ex
676 1171 851 1236 occasione
867 1171 965 1238 liceat
978 1173 1127 1238 excitare
1142 1175 1175 1236 iri
1192 1175 1375 1240 christiano
1391 1176 1516 1260 populo

265 1287 346 1365 Suum
368 1302 384 1334 a
616 1279 650 1336 et
666 1290 796 1354 augere,
808 1271 908 1337 toties
921 1272 994 1338 Nos
1007 1273 1145 1342 mirifica
1155 1273 1330 1359 voluptate
1343 1287 1378 1342 et
1388 1275 1516 1342 laetitia

230 1360 383 1482 “”ssssgg
409 1077 596 1453 {Z}
617 1375 857 1458 perfundimur,
871 1385 1046 1460 tamquam
1056 1379 1099 1442 de
1115 1398 1154 1445 ea
1170 1399 1205 1444 re
1221 1399 1308 1463 quae
1324 1400 1390 1446 non
1407 1381 1515 1446 solum

270 1483 381 1548 prascta-
410 1495 469 1557 per
484 1496 519 1540 se
544 1477 618 1560 ipsa
633 1481 919 1562 praestantissima
946 1492 997 1546 est
1016 1481 1195 1566 multisque
1219 1483 1329 1550 modis
1353 1483 1517 1569 frugifera,

253 1549 384 1666 ἵᾙὲζὲ
410 1579 467 1643 sed
485 1581 587 1646 etiam
602 1601 680 1649 eum
696 1583 816 1649 intimo
840 1587 943 1650 animi
961 1584 1076 1652 Nostri
1092 1606 1191 1652 sensu
1214 1589 1411 1654 suavissime
1438 1606 1517 1652 con·

254 1681 379 1744 pietatem,
409 1683 499 1750 cinit.
515 1682 642 1750 Sancta
663 1687 820 1754 nimirum
836 1707 916 1774 erga
938 1689 1080 1754 Mariam
1097 1691 1215 1774 pietas,
1230 1693 1332 1756 semel
1350 1703 1388 1758 ut
1410 1709 1518 1776 paene

410 1805 485 1851 cum
503 1786 589 1853 lacte
604 1790 768 1870 suximus,
779 1801 948 1858 crescente
958 1803 1078 1870 aetate,
1090 1795 1253 1859 succrevit
1269 1795 1387 1860 alacris
1397 1795 1518 1860 valuit-

410 1889 523 1972 quein
550 1893 665 1958 animo
681 1891 827 1960 firmius:
842 1915 883 1960 eo
899 1914 1045 1981 namque
1061 1896 1221 1962 illustrius
1246 1900 1352 1962 menti
1376 1917 1517 1982 appare·

409 1992 468 2059 bat
484 2006 611 2078 quanto
626 1998 683 2062 illa
698 2012 786 2066 esset
801 2010 836 2066 et
851 2021 964 2066 amore
979 2011 1013 2066 et
1028 2002 1156 2072 honore
1170 2004 1283 2088 digna,
1305 2023 1407 2088 quam
1424 2003 1519 2068 Deus

410 2097 481 2182 ipse
497 2103 623 2168 amavit
638 2113 672 2170 et
687 2105 808 2172 dilexit
823 2107 958 2189 primus,
974 2117 1075 2191 atque
1091 2108 1138 2173 ita
1153 2108 1284 2185 dilexit,
1300 2119 1336 2174 ut
1352 2127 1453 2174 unam
1471 2127 1516 2173 ex

271 2245 382 2308 largim-
411 2205 626 2270 universitate
643 2227 750 2274 rerum
766 2209 941 2275 sublimius
956 2221 1107 2276 evectam
1123 2211 1405 2295 amplissimisque
1420 2229 1519 2276 orna·

256 2313 384 2375 mauueal
410 2313 481 2370 tam
494 2309 686 2374 muneribus
702 2311 765 2376 sibi
777 2314 971 2378 adiunxerit
988 2323 1138 2380 matrem.
1157 2313 1240 2380 Eius
1256 2323 1369 2380 autem
1386 2315 1520 2380 bonita-

248 2383 384 2507 ‘223ssss
411 2410 454 2473 tis
470 2409 503 2474 in
521 2411 593 2478 Nos
608 2413 916 2500 beneficentiaeque
935 2419 1108 2501 complura
1122 2429 1158 2485 et
1173 2419 1352 2502 splendida
1362 2419 1520 2486 testimo·

232 2509 386 2624 nemis
411 2523 475 2602 nia,
490 2544 577 2608 quae
597 2545 729 2592 summa
744 2549 821 2594 cum
838 2530 947 2614 gratia
970 2549 1031 2595 nec
1046 2530 1118 2596 sine
1134 2530 1279 2598 lacrimis
1295 2531 1522 2608 recordamur,

231 2639 384 2705 testemque
411 2629 565 2694 eamdem
579 2629 612 2696 in
630 2629 738 2697 Nobis
752 2633 913 2716 pietatem
924 2644 958 2700 et
967 2633 1121 2700 foverunt
1131 2635 1276 2719 amplius
1291 2644 1325 2699 et
1340 2635 1522 2700 vehemen-

233 2709 384 2820 t‘ssffitjj
411 2734 477 2797 tius
492 2734 683 2802 incendunt.
700 2739 763 2804 Per
779 2739 884 2804 multa
900 2739 990 2804 enim
1003 2748 1037 2805 et
1048 2740 1139 2805 varia
1149 2750 1188 2818 et
1204 2735 1423 2806 formidolosa
1432 2757 1523 2823 quae

231 2836 383 2900 masdequr-
411 2835 599 2903 inciderunt
615 2848 776 2922 tempora,
791 2860 923 2924 semper
938 2843 981 2906 ad
999 2861 1073 2906 eam
1089 2840 1312 2926 confugimus,
1326 2859 1460 2924 semper
1476 2839 1521 2904 ad

342 2916 382 2962 Μ’
411 2958 486 3003 eam
503 2941 639 3007 intentis
654 2943 759 3008 oculis
775 2945 972 3029 cupidisque
987 2945 1201 3028 suspeximus
1216 2946 1393 3028 ;0mnique
1408 2963 1471 3027 spe
1487 2952 1522 3006 et

411 3055 512 3122 metu,
527 3046 663 3112 laetitiis
679 3058 712 3112 et
727 3048 974 3124 acerbitatibus,
997 3049 1029 3112 in
1047 3046 1121 3112 sinu
1150 3049 1221 3111 eius
1238 3047 1410 3130 depositis,
1435 3046 1521 3111 haec

410 3147 473 3212 suit
493 3147 627 3214 assidua
649 3169 737 3229 cura,
767 3151 885 3216 orandi
908 3151 951 3216 ab
975 3171 1024 3228 ea,
1050 3149 1158 3216 Nobis
1185 3150 1286 3216 vellet
1313 3150 1461 3233 benigna
1488 3149 1523 3214 in

411 3251 548 3317 modum
576 3253 693 3318 matris
708 3274 767 3336 per
781 3273 882 3320 omne
898 3264 1031 3338 tempus
1048 3255 1166 3320 adesse
1182 3264 1216 3320 et
1242 3253 1323 3318 illud
1341 3255 1524 3336 impetrare

409 3357 582 3436 eximium,
603 3377 702 3442 posse
718 3357 790 3423 Nos
817 3358 848 3422 ei
864 3358 1010 3424 vicissim
1030 3359 1274 3424 deditissimam
1292 3357 1350 3422 filii
1366 3357 1524 3424 volunta-

273 3476 384 3551 maxtnfe
409 3473 478 3526 tem
492 3462 640 3544 probare.
656 3499 699 3512 -
715 3463 786 3530 Ubi
801 3462 923 3527 deinde
939 3483 1061 3527 arcano
1077 3463 1283 3546 providentis
1300 3461 1364 3526 Dei
1381 3463 1527 3543 consilio

284 3555 384 3591 veram
409 3575 459 3630 est
480 3564 615 3642 iactum,
631 3575 667 3632 ut
694 3569 736 3632 ad
762 3568 849 3632 hanc
874 3567 970 3631 Beati
994 3567 1082 3632 Petri
1106 3566 1320 3645 Cathedram,
1341 3566 1383 3631 ad
1411 3567 1525 3648 ipsam

233 3615 384 3751 Αἰοῗῗονῖῗῗιί
409 3665 564 3736 videlicet
579 3665 702 3731 Christi
719 3687 897 3749 personam
915 3669 948 3731 in
964 3667 1034 3732 eius
1052 3665 1203 3731 Ecclesia
1218 3667 1411 3750 gerendam,
1428 3685 1525 3732 assu-

255 3737 383 3869 {²222ss
410 3787 584 3846 meremur,
600 3779 672 3833 tum
685 3787 763 3834 vero
773 3770 901 3852 ingenti
923 3769 1069 3834 muneris
1085 3768 1251 3852 gravitate
1270 3770 1443 3846 commoti,
1459 3789 1527 3835 nec

306 3877 383 3935 opem,
411 3873 479 3938 ulla
494 3869 671 3940 sustentati
685 3872 807 3938 fiducia
823 3875 953 3940 virtutis
971 3873 1125 3953 Nostrae,
1134 3875 1283 3940 subsidia
1294 3873 1429 3938 divinae
1438 3875 1530 3958 opis,

412 3979 445 4042 in
474 3988 625 4042 materna
656 3977 806 4062 Virginis
833 3977 1046 4043 beatissimae
1077 3976 1152 4056 fide,
1179 3980 1380 4062 impensiore
1410 3979 1530 4044 studio

250 4101 386 4152 nunquam
412 4081 563 4165 flagitare
582 4082 826 4148 contendimus.
854 4083 941 4166 Spes
965 4093 1078 4148 autem
1105 4080 1239 4161 Nostra,
1265 4083 1366 4166 gestit
1391 4081 1531 4148 animus

226 4161 387 4286 susim
413 4182 569 4268 profiteri,
593 4205 697 4269 quum
730 4186 763 4250 in
795 4187 888 4252 omni
919 4186 997 4264 vita,
1021 4196 1093 4251 tum
1133 4187 1283 4252 maxime
1307 4187 1340 4249 in
1367 4201 1532 4268 supremo

257 4291 387 4342 straturus
414 4285 619 4371 Apostolatu
645 4287 825 4372 iungendo,
841 4299 962 4378 eventu
988 4307 1097 4354 rerum
1115 4307 1299 4373 numquam
1323 4307 1391 4354 non
1406 4288 1533 4354 habuit
