3250 4888
482 308 533 358 DE
561 307 724 359 ROSARIO
751 309 923 361 MARIALI.
1195 317 1263 386 109

146 460 215 524 diis
236 469 270 524 et
286 459 468 538 doloribus,
483 459 671 541 opprobriis
696 467 730 526 et
745 461 923 543 triumphis
947 466 1128 528 terreturio
1146 487 1263 549 regen·
1326 479 1400 574 seir

146 565 202 630 dis
210 564 404 630 hominibus
415 564 636 647 iuvandisque
649 563 692 628 ad
707 575 852 630 aeterna.
866 565 967 648 Quod
980 569 1008 630 si
1020 567 1154 634 Christo
1170 571 1261 634 beni·
1329 563 1401 646 1892ss

147 669 312 751 gnissime
338 668 463 750 placuit
482 679 613 732 tantam
640 668 746 732 nostri
768 669 972 749 praeseferre
997 671 1262 748 similitudinem,
1323 698 1426 748 Miseri.

146 793 252 857 seque
267 774 413 836 hominis
429 772 534 836 filium
551 783 653 856 atque
668 773 755 837 adeo
771 773 908 838 fratrem
930 784 1083 839 nostrum
1100 777 1211 842 dicere
1229 789 1262 840 et
1289 764 1438 892 2222&-

145 877 318 960 praeberc,
333 895 401 958 quo
427 877 581 940 testatior
597 896 658 940 sua
682 877 715 939 in
733 897 795 940 nos
821 877 1049 942 misericordia
1066 875 1262 961 patesceret,
1290 893 1390 943 ditant

143 979 260 1043 debuit
264 991 331 1061 per
351 979 463 1043 omnio
470 979 642 1060 fratribus
656 978 813 1057 similari,
836 991 874 1044 ut
888 982 1071 1046 misericors
1085 983 1187 1066 floret
1199 983 1239 1066 (1)
1256 1007 1263 1061 ;
1289 961 1439 1074 fffffiffl

146 1084 282 1150 Mariae
296 1103 364 1149 non
388 1084 492 1162 aliter,
509 1105 554 1148 ex
570 1104 610 1148 eo
626 1083 718 1166 quod
736 1084 861 1150 Christi
878 1085 1018 1149 Domini
1042 1089 1260 1170 eiusdemque
1289 1091 1359 1139 toris.

145 1189 260 1255 fratris
277 1191 381 1255 nostri
398 1191 505 1255 electa
521 1200 572 1254 est
589 1198 706 1265 mater,
721 1189 786 1254 hoc
802 1209 903 1271 supra
920 1202 1044 1255 matres
1060 1213 1178 1256 omnes
1195 1197 1260 1256 sin·

147 1295 267 1378 gulare
283 1294 428 1358 inditum
445 1304 504 1370 est,
521 1303 558 1358 ut
574 1295 836 1358 misericordiam
855 1295 952 1358 nobis
974 1297 1130 1378 proderet
1155 1295 1260 1360 effun-

147 1399 245 1460 deret
260 1415 367 1460 suam.
381 1396 419 1459 Id
433 1405 605 1478 praeterea
619 1396 647 1457 si
657 1395 819 1462 debemus
836 1394 971 1460 Christo
984 1397 1073 1480 quod
1087 1399 1260 1466 nobiscum
1321 1415 1412 1464 Maria

148 1499 204 1563 ius
220 1499 283 1562 sibi
305 1497 477 1580 proprium
505 1498 760 1580 quodammodo
782 1500 1047 1577 communicarit,
1064 1499 1176 1564 Deum
1204 1522 1260 1563 vo·
1282 1487 1342 1594 ¹222,
1353 1481 1442 1595 ⁶222}

149 1600 253 1664 candi
269 1611 303 1664 et
317 1599 463 1664 habendi
480 1609 621 1682 patrem,
637 1601 746 1664 eidem
763 1602 916 1667 similiter
931 1603 1094 1668 debemus
1110 1605 1261 1668 commu·
1288 1619 1374 1660 nostra
1394 1619 1438 1672 cst,

150 1705 303 1767 nicatum
336 1705 567 1768 amantissime
603 1707 662 1782 ius,
693 1705 839 1770 Mariam
875 1707 1019 1770 vocandi
1049 1717 1083 1771 et
1114 1711 1261 1775 habendi
1283 1677 1441 1806 {ffiffl

150 1819 306 1872 matrem.
323 1805 471 1889 Quando
480 1817 593 1872 autem
610 1817 730 1871 natura
742 1809 815 1891 ipsa
832 1829 955 1874 nomen
968 1811 1084 1875 matris
1096 1811 1173 1876 fecit
1189 1814 1261 1878 dul·
1288 1808 1373 1922 m
1385 1824 1439 1857 ηοε-

149 1912 334 1988 cissimum,
350 1913 382 1974 in
400 1931 506 1994 eaque
522 1913 697 1994 exemplar
713 1914 809 1994 quasi
826 1914 944 1978 statuit
960 1916 1083 1979 amoris
1106 1919 1212 1982 teneri
1228 1928 1261 1982 et
1324 1939 1425 2002 optino

150 2017 371 2100 providentis,
387 2017 501 2099 lingua
510 2018 648 2100 quidem
658 2018 748 2082 haud
759 2019 841 2082 satis
853 2018 964 2100 eloqui
977 2029 1098 2102 potest,
1110 2030 1145 2084 at
1158 2023 1262 2104 probe
1287 2011 1439 2133 mogi-

151 2124 306 2186 sentiunt
321 2124 453 2204 piorum
481 2123 594 2200 animi,
610 2133 737 2207 quanta
753 2124 785 2186 in
818 2123 926 2188 Maria
949 2125 1093 2189 insideat
1117 2126 1260 2190 benevo·
1288 2141 1327 2183 tas
1339 2134 1412 2184 habet

152 2229 255 2294 lentis
282 2237 506 2310 actuosaeque
529 2228 678 2292 caritatis
706 2228 852 2306 flamma,
873 2230 907 2292 in
924 2249 963 2292 ea
985 2231 1152 2310 nimirum,
1175 2252 1262 2315 quae
1288 2206 1440 2324 zm}

152 2332 262 2409 nobis,
277 2349 344 2395 non
361 2330 565 2408 humanitus,
576 2331 634 2394 sed
651 2351 671 2394 a
688 2330 823 2396 Christo
833 2341 884 2395 est
897 2341 1012 2398 mater.
1023 2333 1138 2416 Atque
1155 2336 1262 2401 multo
1288 2331 1372 2406 ‘itti‘
1385 2331 1440 2380 ⁸²⁴⁶·

150 2438 213 2502 illa
228 2435 336 2518 magis
352 2443 467 2498 nostra
483 2437 597 2498 omnia
608 2435 711 2499 habet
727 2436 865 2518 cognita
881 2446 1125 2519 et·perspecta;
1141 2441 1262 2522 quibus
1289 2411 1442 2525 biftriffit:

151 2538 319 2604 advitam
341 2537 552 2618 indigeamus
577 2538 763 2620 praesidiis,
778 2558 865 2620 quae
893 2537 1112 2621 impendeant
1128 2543 1262 2625 publice
1290 2527 1416 2643 mg?

150 2641 311 2729 privatim
328 2641 483 2724 pericula,
499 2641 620 2725 quibus
644 2645 678 2706 in
696 2643 869 2726 angustiis,
896 2644 930 2707 in
960 2646 1056 2709 malis
1083 2667 1262 2727 versemur,
1410 2630 1415 2642 ⁸

152 2769 258 2834 quam
282 2747 316 2811 in
334 2746 450 2829 primis
470 2745 514 2810 sit
530 2747 616 2810 acris
641 2767 717 2816 cum
741 2749 910 2812 acerrimis
927 2749 1080 2815 hostibus
1096 2753 1138 2816 de
1154 2754 1262 2817 salute

152 2855 289 2919 animae
304 2851 499 2916 dimicatio:
516 2850 548 2914 in
566 2851 618 2914 his
635 2861 749 2916 autem
771 2853 887 2916 aliisve
911 2855 1149 2934 asperitatibus
1166 2858 1264 2937 vitae,

152 2955 264 3022 multo
279 2956 353 3037 ipsa
365 2963 476 3036 potest
492 2954 627 3036 largius,
639 2965 672 3019 et
689 2955 922 3022 vehementius
932 2968 1086 3040 exoptat,
1099 2961 1265 3038 solatium,

151 3061 265 3136 robur,
279 3057 407 3121 auxilia
422 3077 523 3120 omne
532 3077 638 3139 genus
651 3060 832 3123 carissimis
848 3059 925 3123 filiis
940 3061 1068 3128 afferre.
1086 3064 1205 3148 Itaque
1221 3069 1263 3130 ad

152 3165 301 3230 Mariam
318 3181 385 3225 non
398 3161 525 3239 timide,
536 3181 603 3226 non
615 3163 752 3228 remisse
764 3165 935 3241 adeamus,
945 3185 1004 3247 per
1020 3167 1077 3231 illa
1088 3171 1263 3234 obsecran-

151 3279 206 3334 tes
223 3277 376 3330 materna
403 3265 547 3343 vincula,
571 3266 694 3349 quibus
721 3287 797 3332 cum
816 3268 892 3334 Iesu
917 3271 1067 3353 itemque
1088 3273 1263 3338 nobiscum

150 3370 431 3439 coniunctissima
447 3380 497 3434 est
515 3392 523 3448 ;
542 3381 754 3452 praesentem
770 3372 841 3436 eius
856 3392 955 3455 opem
980 3393 1048 3456 quo
1063 3377 1264 3455 precationis

152 3477 259 3542 modo
275 3473 476 3558 significavit
493 3473 566 3558 ipsa
583 3485 618 3540 et
632 3485 870 3558 peracceptum
887 3475 998 3555 habet,
1015 3477 1265 3561 religiosissime

151 3583 371 3646 invocemus:
387 3587 458 3642 tum
476 3579 538 3642 erit
555 3579 675 3644 merito
688 3581 721 3642 in
735 3580 841 3644 tutela
853 3581 1002 3664 optimae
1013 3583 1128 3645 matris
1141 3584 1265 3646 securis

150 3685 321 3765 laetisque
337 3683 459 3746 animis
475 3685 794 3767 conquiescendum.
1326 3722 1432 3772 R„„,·,

202 3785 259 3850 Ad
275 3785 362 3848 hanc
390 3785 522 3848 Rosarii
547 3789 873 3853 commendationem
902 3807 947 3854 ex
974 3791 1166 3871 precatione
1193 3791 1266 3872 ipsa
1294 3788 1426 3901 nosadhoo

151 3886 353 3972 profectam,
370 3888 499 3952 accedit
516 3897 553 3953 ut
569 3889 603 3952 in
619 3891 738 3955 eodem
756 3890 835 3954 insit
851 3890 956 3955 facilis
972 3892 1109 3974 quidam
1127 3912 1205 3955 usus
1222 3894 1265 3956 ad
1294 3859 1442 3967 ifssaffi.

148 4009 289 4056 summa
305 3987 383 4053 fidei
399 3990 598 4056 christianae
610 3993 722 4075 capita
731 3993 903 4058 suadenda
916 3996 1035 4058 animis
1046 4004 1080 4059 et
1099 3995 1265 4058 inculcan·
1283 3982 1444 4098 &mg

149 4098 222 4162 da:
238 4113 324 4178 quae
339 4094 475 4177 quidem
492 4096 558 4161 alia
573 4108 624 4162 est
647 4099 855 4163 nobilissima
868 4100 1127 4164 commendatio.
1143 4137 1187 4147 —
1204 4099 1266 4164 Est
1293 4114 1364 4230 tp‘eLJc.
1385 4180 1429 4228 das

1349 4195 1384 4227 au

148 4199 249 4266 enim
267 4200 414 4262 maxime
431 4221 474 4264 ex
488 4201 553 4266 fide
569 4204 659 4285 quod
672 4203 775 4267 homo
786 4213 875 4266 recte
886 4213 1041 4286 certeque
1050 4205 1174 4288 gradus
1188 4203 1266 4267 iacit
1293 4244 1382 4296 Fidem
1398 4245 1427 4294 ὑ,

188 4353 211 4388 r.
224 4339 307 4390 Hehr..
319 4350 346 4395 rr,
362 4355 395 4398 17.
