3216 4880
419 277 491 364 306
545 295 737 346 susanae
763 293 1021 348 apostoncae
1051 280 1071 308 “
1090 291 1373 344 onrauraaruu.
1395 270 1412 294 '¹

415 443 587 524 epistolae,
602 446 657 509 die
684 446 799 510 datam
816 457 908 508 xxlv
925 443 1112 508 decembris
1139 463 1228 506 anno
1257 445 1514 521 MDCCXL111,ad

417 547 646 612 Patriarcham
674 548 927 614 Antiochenum
956 545 1161 613 Graecorum
1181 546 1420 610 Melchitarum
1448 567 1513 612 om·

417 668 542 732 nesque
568 650 718 714 eiusdem
735 651 817 714 ritus
835 652 1021 734 Episcopus
1046 651 1156 714 eidem
1175 649 1390 714 Patriarchae
1412 651 1515 714 subie-

283 769 391 819 Novam
417 763 499 818 ctos.
513 751 652 831 Verum,
667 757 787 818 aetatis
802 757 942 820 decursu
961 775 1029 818 non
1045 753 1148 831 brevi,
1164 755 1296 817 novatis
1313 773 1373 836 per
1385 773 1425 818 ea
1448 753 1516 817 loca

239 851 392 951 mm
417 876 526 921 rerum
543 859 802 938 conditionibus,
814 869 916 942 atque
927 859 1039 923 latinis
1053 855 1274 922 Missionariis
1289 858 1520 942 Institutisque

287 966 391 1042 ¹busin
417 960 543 1024 ibidem
569 961 814 1045 multiplicatis,
837 963 963 1028 sactum
997 972 1047 1026 est
1079 972 1117 1025 ut
1144 961 1329 1046 peculiares
1353 966 1517 1046 quaedam

243 1031 352 1090 Onenre,
416 1061 637 1156 Apostolicae
653 1065 752 1131 Sedis
768 1088 866 1132 curae
887 1069 920 1132 in
948 1067 1068 1131 eadem
1097 1087 1215 1132 caussa
1238 1078 1520 1150 exposcerentur:

417 1166 506 1250 quod
534 1177 622 1232 certe
649 1183 936 1252 peropportunum
961 1171 1041 1247 fore,
1057 1173 1173 1235 crebra
1199 1192 1259 1254 per
1284 1171 1387 1237 hosce
1416 1191 1520 1236 annos

417 1275 592 1338 occasione
609 1275 816 1360 Nosmetipsi
832 1295 1066 1360 cognoramus,
1081 1285 1115 1340 et
1131 1277 1298 1340 desideria
1320 1275 1521 1360 aequissima

292 1396 391 1472 advoca-
417 1377 695 1444 confirmaverant
711 1377 964 1445 Venerabilium
984 1380 1140 1445 Fratrum
1167 1381 1199 1443 in
1218 1379 1359 1446 Oriente
1378 1379 1520 1442 Patriar-

255 1463 392 1590 ”musii
418 1484 565 1559 charum,
579 1503 645 1548 non
663 1484 765 1548 semel
781 1485 825 1548 ad
843 1486 916 1549 Nos
927 1487 1049 1550 delata
1060 1484 1138 1569 Quo
1148 1493 1262 1548 autem
1275 1484 1380 1548 totius
1397 1481 1520 1563 negotii

273 1593 392 1645 Patriar-
419 1588 565 1670 apertius
591 1596 720 1669 pateret
747 1609 889 1667 summa,
904 1591 1118 1674 aptioresque
1147 1589 1345 1670 providendi
1373 1588 1519 1652 rationes

239 1656 393 1787 Mam,
418 1689 643 1767 definirentur,
653 1692 789 1756 eosdem
804 1691 1012 1756 Patriarchas
1028 1693 1119 1756 haud
1137 1693 1185 1756 ita
1200 1693 1330 1774 pridem
1344 1693 1378 1755 in
1392 1691 1519 1758 Urbem

239 1787 392 1901 ‘'¹¹22‘ss
417 1795 582 1858 advocare
612 1793 747 1876 placuit,
777 1793 977 1876 quibuscum
1014 1797 1341 1860 communicaremus
1372 1794 1520 1858 consilia.

273 1868 388 1976 agar,
416 1897 504 1962 Turn
531 1918 598 1974 eos,
615 1915 681 1961 una
708 1917 784 1962 cum
813 1899 981 1962 nonnullis
1007 1899 1148 1963 Dilectis
1167 1898 1260 1962 F-iliis
1276 1899 1415 1962 Nostris
1433 1899 1466 1963 S.
1485 1899 1521 1962 R.

239 1985 392 2113 semper&
417 2003 455 2066 E.
469 2003 714 2080 cardinalibus,
726 2023 838 2068 coram
855 2005 898 2067 ad
914 2003 1170 2068 deliberandum
1183 2003 1349 2088 frequenti
1366 2023 1519 2087 congres-

263 2129 390 2178 arcquae·
416 2108 510 2170 sione
535 2106 723 2172 habuimus.
741 2145 783 2157 -
800 2107 846 2171 lis
871 2117 983 2171 autem
1010 2107 1108 2171 rebus
1132 2109 1298 2185 omnibus,
1318 2127 1409 2190 quae
1435 2127 1519 2172 com·

238 2179 390 2310 3355}ss
417 2211 562 2274 muniter
587 2211 779 2294 propositae
806 2222 839 2275 et
866 2211 1013 2294 agitatae
1039 2221 1126 2288 sunt,
1152 2211 1313 2276 meditate
1339 2211 1520 2294 perpensis,

238 2312 338 2374 smera.
415 2315 612 2378 induximus
628 2315 778 2379 animum
805 2325 897 2379 certa
912 2314 1078 2397 quaedam
1102 2317 1251 2380 eiusdem
1281 2315 1519 2380 Benedictinae

416 2417 1356 2502 Constitutionispraescripta,congruenternovisearum
1367 2417 1517 2500 gentium

301 2544 390 2608 Legem
415 2521 632 2603 temporibus,
647 2521 868 2604 explicatiora
891 2523 1000 2586 lacere
1025 2531 1060 2584 et
1086 2521 1258 2602 ampliora.
1285 2521 1324 2584 In
1343 2541 1415 2605 quo
1433 2539 1519 2603 prae·
1586 2531 1587 2534 ’

237 2609 335 2668 “⁰¹¹”72
359 2625 391 2658 ιχ
415 2625 547 2702 stando,
562 2625 626 2688 hoc
650 2634 823 2710 tamquam
851 2625 1052 2708 principium
1081 2645 1126 2690 ex
1143 2625 1215 2708 ipsa
1238 2625 1518 2708 deprompsimus,

240 2673 321 2724 δοκεῖ.
341 2673 388 2724 Be·

273 2739 327 2788 ned.
349 2739 388 2790 de-
415 2733 604 2796 sacerdotes
620 2751 740 2816 nempe
758 2733 879 2796 latinos
895 2753 936 2797 eo
952 2742 1086 2796 tantum
1106 2731 1248 2796 consilio
1263 2731 1306 2796 ab
1321 2731 1518 2814 Apostolica

235 2811 387 2934 ssssss'wl
414 2833 503 2898 Sede
518 2834 551 2898 in
568 2835 642 2898 illas
658 2837 810 2920 regiones
827 2836 925 2912 mitti,
941 2845 978 2900 ut
995 2836 1063 2900 sint
1080 2833 1281 2899 Patriarchis
1295 2844 1330 2898 et
1342 2833 1518 2916 Episcopis

238 2935 388 2984 randasunt
413 2936 448 2998 in
463 2935 667 3001 adiutorium
681 2949 712 3002 et
725 2937 892 3014 levamen,·
908 2947 1010 3002 cauto
1026 2947 1206 3020 propterea
1223 2957 1261 3000 ne
1278 2936 1401 2999 utendo
1409 2935 1518 3017 sarul-

236 3002 388 3116 ,mm
413 3039 536 3104 tatibus
549 3021 615 3105 sibi·
628 3043 787 3119 concessis,
802 3061 913 3105 eorum
936 3039 1166 3105 iurisdictioni
1173 3038 1421 3122 praeiudicium
1442 3037 1519 3118 infe·

248 3131 282 3178 “d
290 3132 388 3246 Ιξῖζζζη
414 3157 493 3212 rant
506 3157 537 3212 et
552 3169 723 3214 numerum
735 3150 939 3215 subditorum
956 3150 1160 3213 imminuant
1173 3148 1232 3230 (¹):
1249 3169 1294 3212 ex
1309 3166 1380 3232 quo
1398 3149 1518 3230 perspi·

242 3262 389 3337 ornaturam
413 3273 513 3317 cuum
529 3263 627 3318 extat
642 3254 762 3338 quibus
779 3255 908 3337 legibus
923 3253 1032 3318 officia
1049 3254 1244 3317 eorumdem
1262 3253 1466 3317 Latinorum
1479 3249 1517 3315 ad
1583 3289 1584 3292 =

237 3341 323 3376 ma·
415 3357 647 3422 Hierarchiam
664 3357 873 3424 Orientalem
891 3357 958 3422 sint
974 3358 1208 3440 temperanda.

284 3493 389 3543 Decreta
458 3461 576 3544 Itaque
593 3481 701 3525 rerum
718 3462 829 3544 capita
842 3481 928 3544 quae
940 3469 1125 3544 sequuntur
1137 3461 1208 3524 visa
1221 3468 1299 3524 sunt
1316 3461 1350 3524 in
1367 3459 1515 3524 Domino

239 3557 388 3610 auemdicro
414 3564 669 3648 praescribenda
695 3575 729 3628 et
756 3565 946 3642 sancienda,
971 3575 1007 3628 ut
1035 3565 1184 3642 facimus,
1212 3563 1415 3646 Apostolica
1445 3561 1517 3626 fulti

288 3625 349 3674 data
360 3626 388 3674 de
532 3669 540 3683 ,
650 3670 657 3684 ,
1439 3671 1448 3683 ,

290 3685 389 3740 cram}
414 3679 632 3748 auctoritate;
649 3689 714 3733 ram
731 3689 819 3734 nunc
835 3669 1044 3733 declarantes
1061 3668 1146 3732 velle
1164 3669 1236 3732 Nos
1261 3679 1364 3752 atque
1391 3669 1517 3733 edicere

250 3755 386 3816 ‘'sd‘'''ffi’
414 3787 450 3842 ut
473 3777 590 3840 eadem
619 3775 840 3841 Benedictina
868 3777 1017 3854 decreta,
1034 3793 1119 3859 quae
1135 3778 1178 3839 de
1194 3771 1334 3840 Graecis
1351 3771 1516 3840 Melchitis

238 3821 388 3950 “aazia
414 3881 568 3964 primitus
583 3882 664 3944 data
682 3889 768 3958 sunt,
790 3878 905 3945 fideles
920 3899 1039 3945 omnes
1058 3879 1204 3944 cuiusvis
1220 3879 1252 3942 in
1270 3877 1412 3945 Oriente
1440 3878 1516 3940 ritus

269 3951 309 3998 vis
320 3959 387 4002 ratus
463 3985 470 3999 .
635 3985 643 3999 .

238 4016 377 4066 mmm.
414 4004 567 4050 universe
582 3993 761 4068 attrngant.

237 4089 287 4129 ’Ψ-
311 4147 389 4197 Vm
459 4091 484 4154 l.
497 4090 727 4153 Missionarius
744 4090 885 4173 quilibet
902 4090 1036 4169 latinus,
1049 4109 1068 4154 e
1080 4089 1169 4154 clero
1182 4089 1344 4154 saeculari
1356 4085 1409 4152 vel
1426 4105 1513 4168 regu·

237 4219 389 4262 astruuntur
413 4195 482 4272 lari,
497 4196 553 4276 qui
582 4194 778 4258 orientalem
803 4195 999 4276 quempiam
1029 4195 1072 4258 ad
1101 4193 1242 4257 latinum
1260 4192 1362 4256 ritum
1379 4187 1512 4255 consilio

239 4277 389 4328 radelatmo
444 4340 463 4371 ι,
477 4325 559 4370 Com
575 4325 762 4376 mmmmm,
779 4337 803 4370 n.
819 4338 853 4383 13.
