3216 4880
339 306 390 354 nu
418 305 523 356 From
552 303 753 356 uutanruu
782 303 1039 356 couoxrnmo.
1171 285 1241 376 283

136 467 207 521 tum
235 462 468 541 germanitatis
485 461 619 525 vincula
635 459 775 527 firmiter
791 479 996 544 permanere,
1008 479 1049 522 eo
1064 477 1243 542 persuaso:
1300 480 1392 567 aij

134 561 271 626 Iustitia
285 564 392 628 elevat
401 575 531 647 gentem
548 565 560 648 (
577 566 598 648 ).
1309 579 1382 642 1894·

180 667 308 731 Pariter
333 668 426 732 domi
451 678 611 752 suppetet
638 669 717 734 inde
733 669 939 752 praesidium
956 666 1074 730 salutis
1090 664 1244 747 publicae
1358 693 1419 744 Non

137 768 244 835 multo
255 771 377 834 certius
390 790 429 834 ac
439 771 592 848 validius,
602 788 703 854 quarn
715 772 806 854 quod
818 771 909 853 leges
921 780 955 834 et
966 789 1060 833 arma
1071 768 1244 851 praebent.
1262 765 1397 888 mad

137 873 311 955 Siquidem
338 893 438 938 nemo
464 893 530 938 non
557 876 658 954 videt,
682 875 913 958 ingravescere
929 874 1080 956 quotidie
1097 871 1243 955 pericula
1269 889 1420 956 erdomipa-

135 977 376 1043 incolumitatis
401 989 435 1043 et
460 979 713 1062 tranquillitatis
734 979 898 1062 publicae,
913 999 990 1042 cum
1007 977 1243 1042 seditiosorum
1269 955 1421 1070 πέζῃ

136 1093 256 1159 sectae,
280 1083 370 1164 quod
399 1083 515 1147 crebra
541 1093 684 1148 testatur
709 1083 894 1148 facinorum
919 1083 1087 1160 atrocitas,
1103 1081 1136 1146 in
1153 1101 1243 1144 ever·
1269 1085 1353 1162 Fidei,

136 1185 246 1248 siones
270 1187 464 1267 conspirent
490 1197 592 1268 atque
613 1188 749 1250 excidia
765 1186 949 1250 civitatum.
967 1185 1104 1252 Scilicet
1120 1203 1244 1267 magna
1269 1159 1401 1282 {mau-

136 1288 352 1352 contentione
368 1289 515 1370 agitatur
530 1309 570 1350 ea
581 1288 711 1369 duplex
724 1308 851 1365 caussa,
861 1307 962 1370 quam
973 1287 1130 1364 socialem,
1141 1304 1241 1369 quam
1269 1299 1310 1336 w
1323 1281 1411 1334 sociati

128 1388 299 1470 politicam
310 1390 492 1472 appellant.
510 1390 663 1472 Utraque
678 1411 759 1454 sane
771 1391 982 1473 gravissima:
999 1403 1101 1475 atque
1110 1391 1243 1471 utrique
1268 1362 1421 1464 ἷῖἶῖἓζῗᾱξο

137 1493 307 1574 sapienter
330 1495 483 1576 iusteque
508 1494 726 1570 dirimendae,
753 1495 908 1576 quamvis
924 1495 1107 1558 laudabilia
1122 1492 1243 1570 studia,
1267 1479 1423 1610 ἓῖἴτωὼ

138 1605 415 1678 temperamenta,
437 1598 673 1680 experimenta
688 1599 756 1660 sint
772 1599 806 1660 in
824 1599 936 1662 medio
951 1599 1114 1676 consulta,
1129 1605 1243 1662 tamen
1269 1613 1335 1661 sima
1344 1617 1387 1660 est.

138 1700 221 1764 nihil
247 1700 338 1765 aliud
365 1711 435 1766 tam
460 1716 689 1784 opportunum
714 1701 821 1778 luerit,
836 1721 938 1784 quam
956 1703 982 1764 si
999 1701 1123 1786 passim
1141 1703 1244 1766 animi

137 1806 180 1870 ad
208 1805 448 1870 conscientiam
473 1807 691 1887 regulamque
715 1804 814 1869 officii
829 1825 876 1868 ex
892 1807 1049 1870 interiore
1065 1804 1143 1870 fidei
1160 1805 1244 1869 chri-

138 1895 267 1972 stianae
290 1911 455 1993 principio
471 1909 699 1974 informentur.
717 1946 762 1958 -
778 1907 831 1972 De
846 1908 961 1972 sociali
974 1929 1092 1974 caussa
1108 1911 1141 1972 in
1158 1910 1244 1974 hanc
1309 1963 1348 2010 De
1359 1960 1422 2011 soci-

138 2015 340 2078 sententiam
366 2035 385 2077 a
404 2014 511 2079 Nobis
528 2037 594 2080 non
613 2017 720 2080 multo
736 2027 824 2092 ante,
840 2016 920 2080 data
936 2017 1047 2098 opera,
1063 2023 1243 2078 tractatum
1272 2029 1305 2078 ali
1321 2041 1396 2076 causa

139 2127 199 2193 est,
215 2120 359 2199 sumptis
375 2120 418 2182 ab
436 2119 633 2202 Evangelio,
648 2121 798 2203 itemque
814 2140 833 2184 a
850 2111 993 2183 naturili
1011 2119 1140 2182 ratione
1156 2119 1244 2200 prin·
1271 2098 1416 2210 ζῖζζζᾞ,

140 2219 244 2302 cipiis.
266 2259 310 2269 -
326 2222 379 2285 De
395 2243 512 2288 caussa
519 2223 665 2306 politica,
681 2224 844 2287 libertatis
860 2245 935 2288 cum
953 2231 1121 2305 potestate
1135 2223 1245 2286 conci·
1271 2224 1328 2286 cycl·
1339 2222 1369 2300 ,de

138 2323 273 2388 liandae
296 2325 414 2406 gratia,
429 2346 514 2408 quas
530 2327 627 2390 multi
644 2327 783 2390 notione
798 2327 1009 2392 confundunt
1026 2337 1058 2390 et
1075 2345 1110 2388 re
1126 2326 1245 2388 intem-
1271 2289 1410 2420 mmm

136 2437 294 2511 peranter
319 2429 519 2506 distrahunt,
543 2451 587 2495 ex
611 2431 794 2495 christiana
809 2431 1023 2514 philosophia
1039 2431 1088 2494 vis
1104 2429 1246 2494 derivari
1272 2420 1425 2552 {0¹5ssng

139 2540 250 2615 potest
266 2533 425 2616 perutilis.
444 2533 533 2597 Nam
549 2535 614 2598 hoc
631 2537 751 2618 posit0,
767 2547 801 2600 et
812 2537 964 2600 omnium
978 2555 1114 2598 assensu
1125 2553 1246 2616 appro·
1273 2549 1426 2600 cersscclesia

139 2636 228 2712 bato,
254 2655 486 2719 quaecumque
510 2638 648 2702 demum
673 2639 718 2702 sit
742 2638 850 2702 forma
875 2638 1088 2720 reipublicae,
1104 2636 1246 2700 auctori·
1270 2616 1427 2744 {Zss‘ss‘rssn

139 2747 244 2803 tatem
272 2759 345 2802 esse
360 2759 380 2802 a
406 2741 491 2816 Deo,
506 2741 668 2806 continuo
684 2742 770 2806 ratio
786 2741 954 2824 perspicit,
971 2741 1158 2823 legitimum
1175 2757 1247 2802 esse
1269 2751 1412 2824 potestatem

140 2844 173 2906 in
184 2843 258 2907 aliis
269 2845 321 2906 ius
331 2844 528 2926 imperandi,
538 2855 801 2910 consentaneum
814 2848 847 2910 in
858 2846 932 2910 aliis
943 2843 1088 2910 officium
1100 2843 1249 2927 parendi,
1273 2810 1427 2928 {ssssssffl

141 2965 249 3028 neque
265 2947 298 3011 id
314 2947 471 3029 dignitati
484 2948 696 3026 contrarium,
708 2947 874 3030 quiaDeo
887 2950 996 3012 verius
1006 2969 1108 3032 quam
1121 2944 1248 3012 homini
1274 2960 1328 3058 ‘ff'
1339 2941 1410 3056 :522-

139 3059 273 3132 paretur
287 3073 294 3113 :
306 3070 328 3113 a
344 3049 420 3114 Deo
435 3061 549 3113 autern
566 3049 726 3114 iudicium
741 3051 962 3115 durissimum
973 3052 1016 3114 iis
1027 3053 1088 3135 qui
1090 3061 1251 3133 praesunt
1275 3025 1385 3124 ,firm

138 3153 446 3232 denuntiatumest,
456 3155 519 3216 nisi
530 3174 709 3236 personam
724 3154 795 3218 eius
807 3166 895 3219 recte
909 3155 1063 3236 iusteque
1075 3155 1248 3236 gesserint.
1274 3141 1417 3256 {gfjlzfssm

140 3257 294 3322 Libertas
320 3277 400 3321 vero
424 3258 632 3340 singulorum
658 3259 783 3322 nemini
811 3269 923 3340 potest
950 3277 1023 3321 esse
1045 3267 1200 3338 suspecta
1216 3265 1249 3321 et
1271 3222 1403 3349 paricipi,

140 3361 256 3438 invisa,
272 3362 351 3444 quia
366 3381 490 3426 nocens
507 3362 643 3441 nemini,
659 3363 745 3426 iniis
760 3383 848 3445 quae
860 3382 938 3427 vera
951 3372 1038 3441 sunt,
1049 3381 1136 3444 quae
1150 3371 1250 3437 recta,
1276 3337 1427 3463 fam,

140 3485 226 3550 quae
251 3485 328 3529 cum
358 3465 491 3548 publica
518 3466 762 3548 tranquillitate
792 3467 982 3543 coniuncta,
997 3465 1191 3530 versabitur.
1209 3501 1250 3514 -
1275 3469 1305 3517 ti·

141 3569 298 3652 Denique
320 3570 347 3632 si
374 3569 457 3633 illud
473 3579 654 3650 spectetur,
667 3569 748 3652 quid
766 3569 872 3652 possit
888 3567 1089 3651 populorum
1105 3587 1144 3632 ac
1160 3565 1250 3650 prin·
1317 3595 1429 3646 galus„

141 3675 253 3756 cipum
271 3691 391 3754 parens
407 3681 441 3735 et
457 3671 671 3734 conciliatrix
686 3671 848 3749 Ecclesia,
858 3673 900 3734 ad
915 3669 1076 3752 utrosque
1085 3670 1250 3734 iuvandos
1276 3664 1428 3776 0252'21220'1·

141 3776 342 3841 auctoritate
366 3774 575 3857 consilioque
601 3793 663 3838 suo
692 3783 781 3852 nata,
808 3785 880 3839 tum
907 3773 1057 3836 maxime
1072 3771 1251 3855 apparebit
1276 3745 1416 3844 gimmer-

141 3890 305 3965 quantum
332 3879 448 3943 salutis
476 3881 665 3942 communis
697 3879 828 3944 intersit
859 3889 896 3944 ut
926 3887 1044 3962 gentes
1076 3879 1251 3944 universae
1276 3859 1415 3990 ἕψῃ

141 3985 304 4049 inducant
329 3983 479 4047 animum
506 3984 596 4047 idem
625 3985 668 4046 de
697 3982 761 4048 fide
787 3984 972 4049 christiana
999 3983 1132 4062 sentire,
1159 3983 1248 4048 idem
1274 3991 1374 4106 prqtqqlo·

142 4087 299 4173 profiteri.
1339 4092 1346 4106 '

187 4194 259 4258 Ista
285 4194 420 4276 quidem
448 4195 637 4276 cogitantes
664 4213 702 4257 ac
728 4203 802 4258 toto
829 4193 944 4256 animo
967 4193 1251 4276 concupiscentes,
1359 4220 1433 4270 Lacte

173 4342 196 4375 1.
211 4328 294 4378 Prrv..
312 4337 366 4378 xiv,
384 4341 419 4385 34·
