3222 4888
1263 1411 1377 1476 Jamdr'u

295 1487 415 1552 scopos
439 1466 664 1550 singularibus
681 1467 809 1545 litteris,
825 1468 1029 1535 documenta
1047 1474 1195 1556 Aposto-
1223 1479 1350 1539 exoptavit

83 1577 168 1642 licae
195 1573 428 1640 exhortatoriis
457 1571 711 1651 impertiremus,
735 1572 769 1634 id
786 1572 938 1636 similiter
967 1577 1062 1639 vobis
1076 1599 1120 1641 ex
1136 1600 1195 1660 op·
1224 1541 1344 1657 m&

82 1683 292 1764 portunitate
319 1688 488 1760 praestare
505 1695 614 1757 posse,
630 1675 756 1738 iamdiu
774 1676 846 1739 Nos
857 1678 976 1760 ingens
992 1681 1193 1747 desiderium
1223 1673 1323 1722 litteras

82 1788 230 1852 tenebat.
259 1784 426 1867 Equidem
455 1780 616 1864 populum
644 1783 755 1858 istum,
782 1802 913 1864 genere,
944 1805 1106 1866 sermone,
1123 1788 1195 1852 reli·
1224 1839 1364 1889 intestimo

81 1895 181 1974 gioso
208 1891 272 1954 ritu
300 1887 438 1962 varium,
463 1905 530 1948 uno
549 1885 621 1947 Nos
637 1905 783 1962 omnem,
800 1887 889 1968 quod
916 1889 1000 1952 alias
1015 1891 1196 1969 ediximuS,
1224 1905 1297 1953 nium
1309 1909 1374 1956 cari·

81 1999 273 2079 eodemque
288 1994 401 2058 studio
416 1992 672 2073 complectimur
682 2001 716 2054 et
733 1990 884 2056 fovemus
901 2017 909 2072 ;
925 2015 1033 2078 neque
1047 2019 1193 2080 unquam
1222 1977 1354 2086 {32:53⁰

82 2101 149 2164 nisi
180 2096 416 2162 iucundissime
447 2095 489 2156 de
524 2095 597 2174 ipso
627 2095 824 2174 cogitamus,
854 2097 947 2160 cuius
971 2107 1004 2162 et
1028 2100 1197 2181 praeclara
1219 2107 1319 2165 gentem

83 2205 192 2285 spirat
220 2201 383 2264 memoria
410 2207 580 2280 gestarum
612 2218 731 2275 rerum,
762 2207 796 2262 et
824 2220 983 2282 magnam
1011 2223 1091 2284 erga
1123 2205 1195 2268 Nos
1222 2168 1349 2282 {mbos

82 2307 300 2370 coniunctam
326 2322 402 2366 cum
429 2300 551 2364 fiducia
576 2301 736 2380 pietatem
768 2313 961 2366 constanter
988 2309 1195 2388 agnovimus.
1222 2298 1361 2413 ms?

126 1242 242 1253 „-
273 1179 450 1231 ARITATls
494 1164 794 1247 providentiaeque
837 1161 983 1224 Nostrae
1029 1163 1197 1244 peculiare
1289 1197 1318 1242 ιφ

83 1181 273 1552 ΚΞ
295 1270 525 1333 testimonium
551 1268 642 1348 quod
673 1265 747 1328 aliis
774 1263 946 1328 catholicis
963 1266 1121 1346 gentibus
1137 1289 1196 1349 per
1238 1242 1363 1358 ‘'w''

295 1363 469 1430 intervalla
496 1361 724 1438 exhibuimus,
737 1371 783 1436 ut,
807 1361 895 1426 datis
911 1366 953 1430 ad
971 1388 1085 1431 earum
1116 1371 1195 1454 Epi·

82 2447 127 2458 -
157 2410 195 2472 ln
224 2408 341 2472 ceteris
369 2405 459 2468 enim
488 2404 653 2480 laudibus,
680 2405 752 2470 laus
781 2407 900 2470 merito
927 2418 1041 2473 manet
1068 2413 1194 2475 eximia
1222 2429 1300 2478 hostes

81 2514 235 2597 patribus
263 2511 327 2574 illis
354 2509 483 2586 vestris,
510 2509 575 2590 qui,
603 2510 799 2573 tremefacta
828 2511 965 2593 Europa
981 2514 1023 2576 ad
1049 2514 1195 2597 impetus

80 2617 231 2681 hostium
242 2615 411 2678 christiani
423 2613 569 2676 nominis
579 2615 857 2695 praepotentium,
871 2623 1043 2695 pectorum
1058 2638 1193 2684 suorum

80 2721 250 2804 praesidia
286 2720 371 2782 inter
399 2718 533 2799 primos,
569 2718 755 2799 insignibus
785 2719 927 2799 praeliis,
954 2733 1192 2802 opposuerunt,

79 2827 185 2890 iidem
203 2823 371 2905 religionis
388 2831 421 2885 et
437 2822 544 2884 civilis
560 2821 668 2884 cultus
691 2823 840 2886 vindices
856 2825 1007 2887 acerrimi
1025 2825 1194 2890 fidissimi-

80 2945 149 3008 que
174 2925 337 2987 custodes
366 2921 430 2984 His
456 2922 499 2984 de
525 2923 712 3002 promeritis
739 2923 851 3004 palam
878 2933 928 2986 est
956 2946 975 2987 a
1003 2925 1110 2990 Nobis
1127 2948 1193 2990 non

80 3031 207 3095 multos
234 3039 312 3092 ante
333 3047 465 3090 menses
497 3046 573 3090 cum
611 3027 736 3108 gaudio
772 3041 1085 3108 commemoratum,
1112 3041 1193 3095 tunc
1220 3055 1354 3112 quecusro-

1213 2981 1339 3046 fideliler-

78 3135 210 3199 scilicet
234 3153 338 3215 quum
368 3130 521 3195 nonnulli
548 3141 705 3206 vestrum,
733 3131 952 3196 Venerabiles
979 3135 1123 3211 Fratres,
1139 3137 1195 3218 pia
1219 3113 1350 3228 mas}

79 3239 230 3304 fidelium
248 3236 384 3320 agmina
401 3254 538 3317 peregre
554 3235 597 3297 ad
624 3235 696 3298 Nos
713 3235 895 3298 salutatum
920 3237 1195 3322 gratulatumque
1221 3245 1309 3294 Fidem

76 3341 295 3420 adduxistis3
320 3361 364 3403 ex
389 3359 455 3421 qua
485 3339 708 3420 pulcherrima
742 3338 819 3403 fidei
849 3340 1094 3420 testificatione,
1121 3365 1193 3423 per·
1219 3324 1360 3423 mide.

75 3456 179 3529 grata
202 3443 309 3507 adluit
329 3443 463 3505 occasio
492 3451 528 3505 ut
544 3443 655 3506 avitae
671 3441 841 3524 religionis
864 3446 975 3516 decus,
994 3467 1051 3526 per
1069 3445 1193 3510 multos
1222 3441 1286 3489 brat.

77 3571 192 3616 rerum
209 3561 242 3613 et
258 3547 408 3612 difficiles
436 3553 532 3610 ca'sus
549 3547 725 3627 integrum,
741 3548 900 3626 vividum,
924 3548 1083 3612 Poloniae
1098 3549 1193 3612 vicis-

75 3660 145 3720 sim
182 3651 433 3735 gratularemur.
457 3687 501 3698 —
528 3650 683 3713 lamvero
709 3653 810 3714 sacris
836 3653 905 3714 eius
944 3653 1128 3716 rationibus
1156 3653 1193 3728 si,
1257 3681 1373 3730 [mandit

75 3769 246 3844 quantum
263 3767 333 3819 erat
351 3757 383 3816 in
403 3751 521 3832 Nobis,
549 3755 629 3816 nihil
647 3765 747 3819 antea
771 3757 929 3836 prodesse
945 3757 1146 3834 destitimus,
1158 3758 1192 3819 id
1219 3748 1284 3825 ἥξω
1295 3749 1359 3796 Μ’·

1220 3830 1258 3862 ΥΠ
1269 3829 1342 3861 suam

77 3881 182 3944 posse
211 3858 263 3922 vel
295 3856 439 3938 amplius
467 3855 629 3937 cupimus,
655 3867 758 3939 atque
793 3858 826 3919 in
852 3857 1040 3939 praesentia
1065 3856 1193 3920 efficere
1220 3881 1249 3928 a„
1270 3881 1372 3927 Prionos

75 3963 257 4029 consilium
285 3969 356 4024 est:
384 3962 423 4023 ea
443 3959 601 4022 nimirum
629 3981 757 4038 caussa,
773 3971 810 4025 ut
822 3962 1057 4024 sollicitudinis
1081 3963 1114 4024 in
1133 3983 1192 4026 vos
1219 3945 1370 4074 zlss‘ffp'ff·

78 4071 228 4135 Nostrae
252 4065 401 4147 apertior
428 4073 525 4126 extet
551 4085 663 4127 coram
694 4065 845 4128 Ecclesia
873 4065 1066 4142 declaratio,
1089 4073 1193 4148 utque
1219 4079 1354 4153 taurusta-

77 4175 185 4240 etiam
212 4181 360 4236 vestrum
386 4167 537 4231 omnium
567 4169 670 4231 animi
698 4171 729 4232 in
762 4169 947 4232 catholicae
976 4170 1192 4249 professionis
1220 4141 1372 4258 Zffijfffj

78 4277 210 4352 officiis,
236 4276 392 4338 roborata
418 4272 550 4350 virtute,
580 4273 737 4336 subsidiis
764 4275 880 4351 auctis,
906 4271 1144 4337 confirmentur
1160 4283 1194 4337 et
1223 4273 1355 4323 catholicae
