<?xml version="1.0" encoding="UTF-8"?>
<!DOCTYPE html PUBLIC "-//W3C//DTD XHTML 1.0 Transitional//EN"
    "http://www.w3.org/TR/xhtml1/DTD/xhtml1-transitional.dtd">
<html xmlns="http://www.w3.org/1999/xhtml" xml:lang="en" lang="en">
 <head>
  <title>
</title>
<meta http-equiv="Content-Type" content="text/html;charset=utf-8" />
  <meta name='ocr-system' content='tesseract 3.04.00' />
  <meta name='ocr-capabilities' content='ocr_page ocr_carea ocr_par ocr_line ocrx_word'/>
</head>
<body>
  <div class='ocr_page' id='page_1' title='image "./sanctissimidomi01xiiigoog_0336.png"; bbox 0 0 3216 4880; ppageno 0'>
   <div class='ocr_carea' id='block_1_1' title="bbox 460 299 1215 369">
    <p class='ocr_par' dir='ltr' id='par_1_1' title="bbox 460 299 1215 369">
     <span class='ocr_line' id='line_1_1' title="bbox 460 299 1215 369; baseline 0.001 -22"><span class='ocrx_word' id='word_1_1' title='bbox 460 299 581 348; x_wconf 81' lang='lat' dir='ltr'><strong>rnosx</strong></span> <span class='ocrx_word' id='word_1_2' title='bbox 609 299 859 350; x_wconf 78' lang='lat' dir='ltr'><strong>auncurrcus.</strong></span> <span class='ocrx_word' id='word_1_3' title='bbox 1143 300 1215 369; x_wconf 87' lang='lat'><strong>329</strong></span> 
     </span>
    </p>
   </div>
   <div class='ocr_carea' id='block_1_2' title="bbox 107 401 223 410">
    <p class='ocr_par' dir='ltr' id='par_1_2' title="bbox 107 401 223 410">
     <span class='ocr_line' id='line_1_2' title="bbox 107 401 223 410; baseline 0.009 -3"><span class='ocrx_word' id='word_1_4' title='bbox 107 401 223 410; x_wconf 71' lang='grc'><em>,,.--.</em></span> 
     </span>
    </p>
   </div>
   <div class='ocr_carea' id='block_1_3' title="bbox 92 451 1293 3495">
    <p class='ocr_par' dir='ltr' id='par_1_3' title="bbox 92 451 1293 3495">
     <span class='ocr_line' id='line_1_3' title="bbox 109 451 1215 523; baseline 0.002 -17"><span class='ocrx_word' id='word_1_5' title='bbox 109 452 183 506; x_wconf 89' lang='lat' dir='ltr'><strong>sivas</strong></span> <span class='ocrx_word' id='word_1_6' title='bbox 196 451 324 522; x_wconf 90' lang='lat' dir='ltr'><strong>opponit,</strong></span> <span class='ocrx_word' id='word_1_7' title='bbox 338 454 414 506; x_wconf 91' lang='lat' dir='ltr'><strong>bona</strong></span> <span class='ocrx_word' id='word_1_8' title='bbox 426 453 622 508; x_wconf 90' lang='lat' dir='ltr'><strong>ecclesiastica</strong></span> <span class='ocrx_word' id='word_1_9' title='bbox 642 453 711 507; x_wconf 90' lang='lat' dir='ltr'><strong>fisco</strong></span> <span class='ocrx_word' id='word_1_10' title='bbox 724 453 841 521; x_wconf 85' lang='lat' dir='ltr'>addicit,</span> <span class='ocrx_word' id='word_1_11' title='bbox 856 453 975 508; x_wconf 88' lang='lat' dir='ltr'><strong>clericos</strong></span> <span class='ocrx_word' id='word_1_12' title='bbox 989 454 1065 523; x_wconf 84' lang='lat' dir='ltr'><strong>cogit</strong></span> <span class='ocrx_word' id='word_1_13' title='bbox 1084 454 1122 508; x_wconf 89' lang='lat' dir='ltr'><strong>ad</strong></span> <span class='ocrx_word' id='word_1_14' title='bbox 1142 453 1215 508; x_wconf 93' lang='lat' dir='ltr'><strong>mili-</strong></span> 
     </span>
     <span class='ocr_line' id='line_1_4' title="bbox 108 535 1217 609; baseline 0.004 -17"><span class='ocrx_word' id='word_1_15' title='bbox 108 535 187 606; x_wconf 84' lang='lat' dir='ltr'><strong>tiam,</strong></span> <span class='ocrx_word' id='word_1_16' title='bbox 199 537 382 592; x_wconf 87' lang='lat' dir='ltr'><strong>matrimonia</strong></span> <span class='ocrx_word' id='word_1_17' title='bbox 393 547 422 593; x_wconf 90' lang='lat' dir='ltr'><strong>et</strong></span> <span class='ocrx_word' id='word_1_18' title='bbox 434 538 534 594; x_wconf 88' lang='lat' dir='ltr'><strong>funera</strong></span> <span class='ocrx_word' id='word_1_19' title='bbox 546 538 641 593; x_wconf 88' lang='lat' dir='ltr'><strong>civilia</strong></span> <span class='ocrx_word' id='word_1_20' title='bbox 653 549 823 609; x_wconf 83' lang='lat' dir='ltr'>propugnat,</span> <span class='ocrx_word' id='word_1_21' title='bbox 843 539 973 595; x_wconf 89' lang='lat' dir='ltr'><strong>instituta</strong></span> <span class='ocrx_word' id='word_1_22' title='bbox 991 539 1118 596; x_wconf 91' lang='lat' dir='ltr'><strong>caritatis</strong></span> <span class='ocrx_word' id='word_1_23' title='bbox 1136 539 1217 597; x_wconf 89' lang='lat' dir='ltr'><strong>laicis</strong></span> 
     </span>
     <span class='ocr_line' id='line_1_5' title="bbox 108 624 1218 696; baseline 0.004 -18"><span class='ocrx_word' id='word_1_24' title='bbox 108 624 260 680; x_wconf 84' lang='lat' dir='ltr'><strong>committit</strong></span> <span class='ocrx_word' id='word_1_25' title='bbox 276 637 399 694; x_wconf 79' lang='lat'>124·125.</span> <span class='ocrx_word' id='word_1_26' title='bbox 413 654 449 664; x_wconf 92' lang='lat'><em>-</em></span> <span class='ocrx_word' id='word_1_27' title='bbox 464 625 548 678; x_wconf 84' lang='lat' dir='ltr'><strong>Hanc</strong></span> <span class='ocrx_word' id='word_1_28' title='bbox 561 625 707 696; x_wconf 84' lang='lat' dir='ltr'><strong>religionis</strong></span> <span class='ocrx_word' id='word_1_29' title='bbox 720 625 964 695; x_wconf 85' lang='lat' dir='ltr'><strong>oppugnationem</strong></span> <span class='ocrx_word' id='word_1_30' title='bbox 978 643 1065 696; x_wconf 90' lang='lat' dir='ltr'><strong>quam</strong></span> <span class='ocrx_word' id='word_1_31' title='bbox 1075 627 1172 696; x_wconf 92' lang='lat' dir='ltr'><strong>iniqua</strong></span> <span class='ocrx_word' id='word_1_32' title='bbox 1183 627 1218 682; x_wconf 91' lang='lat' dir='ltr'><strong>sit</strong></span> 
     </span>
     <span class='ocr_line' id='line_1_6' title="bbox 110 711 1219 783; baseline 0.002 -17"><span class='ocrx_word' id='word_1_33' title='bbox 110 711 239 766; x_wconf 81' lang='lat' dir='ltr'><strong>Pontifex</strong></span> <span class='ocrx_word' id='word_1_34' title='bbox 251 711 341 766; x_wconf 89' lang='lat' dir='ltr'><strong>fusius</strong></span> <span class='ocrx_word' id='word_1_35' title='bbox 354 711 616 783; x_wconf 85' lang='lat' dir='ltr'><strong>exponit,illamque</strong></span> <span class='ocrx_word' id='word_1_36' title='bbox 629 729 646 766; x_wconf 93' lang='lat' dir='ltr'><strong>a</strong></span> <span class='ocrx_word' id='word_1_37' title='bbox 660 722 738 767; x_wconf 89' lang='lat' dir='ltr'><strong>secta</strong></span> <span class='ocrx_word' id='word_1_38' title='bbox 748 711 911 767; x_wconf 88' lang='lat' dir='ltr'><strong>massonica</strong></span> <span class='ocrx_word' id='word_1_39' title='bbox 921 713 1030 768; x_wconf 91' lang='lat' dir='ltr'><strong>moveri</strong></span> <span class='ocrx_word' id='word_1_40' title='bbox 1045 713 1098 783; x_wconf 85' lang='lat' dir='ltr'><strong>ipsi</strong></span> <span class='ocrx_word' id='word_1_41' title='bbox 1110 731 1219 768; x_wconf 89' lang='lat' dir='ltr'><strong>masso·</strong></span> 
     </span>
     <span class='ocr_line' id='line_1_7' title="bbox 108 799 1219 871; baseline 0.005 -19"><span class='ocrx_word' id='word_1_42' title='bbox 108 815 160 852; x_wconf 91' lang='lat' dir='ltr'><strong>nes</strong></span> <span class='ocrx_word' id='word_1_43' title='bbox 172 801 321 867; x_wconf 81' lang='lat' dir='ltr'><strong>testantur,</strong></span> <span class='ocrx_word' id='word_1_44' title='bbox 333 799 490 868; x_wconf 84' lang='lat' dir='ltr'><strong>gloriantes</strong></span> <span class='ocrx_word' id='word_1_45' title='bbox 503 817 521 856; x_wconf 88' lang='lat' dir='ltr'><strong>a</strong></span> <span class='ocrx_word' id='word_1_46' title='bbox 534 815 564 854; x_wconf 92' lang='lat' dir='ltr'><strong>se</strong></span> <span class='ocrx_word' id='word_1_47' title='bbox 577 810 670 854; x_wconf 89' lang='lat' dir='ltr'><strong>ortam</strong></span> <span class='ocrx_word' id='word_1_48' title='bbox 689 815 754 855; x_wconf 89' lang='lat' dir='ltr'><strong>esse</strong></span> <span class='ocrx_word' id='word_1_49' title='bbox 773 799 801 854; x_wconf 92' lang='lat' dir='ltr'><strong>in</strong></span> <span class='ocrx_word' id='word_1_50' title='bbox 823 801 906 854; x_wconf 92' lang='lat' dir='ltr'><strong>Italia</strong></span> <span class='ocrx_word' id='word_1_51' title='bbox 927 801 1075 857; x_wconf 85' lang='lat' dir='ltr'><strong>Ecclesiae</strong></span> <span class='ocrx_word' id='word_1_52' title='bbox 1088 819 1219 871; x_wconf 90' lang='lat' dir='ltr'><strong>persecu·</strong></span> 
     </span>
     <span class='ocr_line' id='line_1_8' title="bbox 106 884 1293 958; baseline 0.001 -19"><span class='ocrx_word' id='word_1_53' title='bbox 106 885 215 941; x_wconf 91' lang='lat' dir='ltr'><strong>tionem</strong></span> <span class='ocrx_word' id='word_1_54' title='bbox 233 898 397 954; x_wconf 68' lang='grc'>115117.-</span> <span class='ocrx_word' id='word_1_55' title='bbox 410 886 559 955; x_wconf 83' lang='lat' dir='ltr'><strong>Religione</strong></span> <span class='ocrx_word' id='word_1_56' title='bbox 573 903 720 957; x_wconf 84' lang='lat' dir='ltr'><strong>oppressa,</strong></span> <span class='ocrx_word' id='word_1_57' title='bbox 730 887 853 942; x_wconf 87' lang='lat' dir='ltr'><strong>societas</strong></span> <span class='ocrx_word' id='word_1_58' title='bbox 867 886 930 958; x_wconf 89' lang='lat' dir='ltr'><strong>ipsa</strong></span> <span class='ocrx_word' id='word_1_59' title='bbox 942 889 1131 956; x_wconf 89' lang='lat' dir='ltr'><strong>perturbatur,</strong></span> <span class='ocrx_word' id='word_1_60' title='bbox 1139 886 1219 942; x_wconf 89' lang='lat' dir='ltr'><strong>fami·</strong></span> <span class='ocrx_word' id='word_1_61' title='bbox 1291 884 1293 891; x_wconf 85' lang='lat'>&#39;</span> 
     </span>
     <span class='ocr_line' id='line_1_9' title="bbox 105 971 1219 1045; baseline 0.001 -18"><span class='ocrx_word' id='word_1_62' title='bbox 105 973 144 1028; x_wconf 93' lang='lat' dir='ltr'><strong>lia</strong></span> <span class='ocrx_word' id='word_1_63' title='bbox 169 971 352 1043; x_wconf 88' lang='lat' dir='ltr'><strong>periclitatur,</strong></span> <span class='ocrx_word' id='word_1_64' title='bbox 374 973 504 1028; x_wconf 87' lang='lat' dir='ltr'><strong>civitates</strong></span> <span class='ocrx_word' id='word_1_65' title='bbox 529 973 680 1028; x_wconf 87' lang='lat' dir='ltr'><strong>discordiis</strong></span> <span class='ocrx_word' id='word_1_66' title='bbox 702 983 810 1045; x_wconf 90' lang='lat' dir='ltr'><strong>patent,</strong></span> <span class='ocrx_word' id='word_1_67' title='bbox 829 973 894 1044; x_wconf 90' lang='lat' dir='ltr'><strong>jura</strong></span> <span class='ocrx_word' id='word_1_68' title='bbox 919 973 1015 1028; x_wconf 86' lang='lat' dir='ltr'><strong>divina</strong></span> <span class='ocrx_word' id='word_1_69' title='bbox 1041 986 1068 1030; x_wconf 88' lang='lat' dir='ltr'><strong>et</strong></span> <span class='ocrx_word' id='word_1_70' title='bbox 1092 975 1219 1029; x_wconf 88' lang='lat' dir='ltr'><strong>humana</strong></span> 
     </span>
     <span class='ocr_line' id='line_1_10' title="bbox 104 1059 1218 1130; baseline 0.002 -14"><span class='ocrx_word' id='word_1_71' title='bbox 104 1059 288 1130; x_wconf 88' lang='lat' dir='ltr'><strong>negliguntur</strong></span> <span class='ocrx_word' id='word_1_72' title='bbox 308 1078 326 1115; x_wconf 94' lang='lat' dir='ltr'><strong>a</strong></span> <span class='ocrx_word' id='word_1_73' title='bbox 349 1077 443 1115; x_wconf 89' lang='lat' dir='ltr'><strong>rerum</strong></span> <span class='ocrx_word' id='word_1_74' title='bbox 465 1060 700 1126; x_wconf 86' lang='lat' dir='ltr'><strong>moderatoribus,</strong></span> <span class='ocrx_word' id='word_1_75' title='bbox 723 1072 803 1117; x_wconf 93' lang='lat' dir='ltr'><strong>nutat</strong></span> <span class='ocrx_word' id='word_1_76' title='bbox 824 1063 972 1116; x_wconf 90' lang='lat' dir='ltr'><strong>hominum</strong></span> <span class='ocrx_word' id='word_1_77' title='bbox 997 1062 1128 1130; x_wconf 89' lang='lat' dir='ltr'><strong>societas,</strong></span> <span class='ocrx_word' id='word_1_78' title='bbox 1148 1062 1218 1118; x_wconf 89' lang='lat' dir='ltr'><strong>dum</strong></span> 
     </span>
     <span class='ocr_line' id='line_1_11' title="bbox 105 1148 1217 1219; baseline 0.001 -16"><span class='ocrx_word' id='word_1_79' title='bbox 105 1165 199 1204; x_wconf 88' lang='lat' dir='ltr'><strong>mores</strong></span> <span class='ocrx_word' id='word_1_80' title='bbox 212 1159 441 1218; x_wconf 90' lang='lat' dir='ltr'><strong>corrumpuntur,</strong></span> <span class='ocrx_word' id='word_1_81' title='bbox 454 1149 602 1219; x_wconf 89' lang='lat' dir='ltr'><strong>multique,</strong></span> <span class='ocrx_word' id='word_1_82' title='bbox 613 1148 794 1218; x_wconf 86' lang='lat' dir='ltr'><strong>impatientes</strong></span> <span class='ocrx_word' id='word_1_83' title='bbox 805 1151 882 1216; x_wconf 91' lang='lat' dir='ltr'><strong>mali,</strong></span> <span class='ocrx_word' id='word_1_84' title='bbox 896 1150 933 1204; x_wconf 92' lang='lat' dir='ltr'><strong>ad</strong></span> <span class='ocrx_word' id='word_1_85' title='bbox 943 1161 1070 1204; x_wconf 84' lang='lat' dir='ltr'><strong>extrema</strong></span> <span class='ocrx_word' id='word_1_86' title='bbox 1082 1151 1217 1205; x_wconf 88' lang='lat' dir='ltr'><strong>labuntur</strong></span> 
     </span>
     <span class='ocr_line' id='line_1_12' title="bbox 108 1237 1217 1308; baseline 0.005 -20"><span class='ocrx_word' id='word_1_87' title='bbox 108 1250 166 1301; x_wconf 87' lang='lat'>127.</span> <span class='ocrx_word' id='word_1_88' title='bbox 179 1265 214 1274; x_wconf 90' lang='lat'>-</span> <span class='ocrx_word' id='word_1_89' title='bbox 229 1237 284 1291; x_wconf 88' lang='lat' dir='ltr'><strong>His</strong></span> <span class='ocrx_word' id='word_1_90' title='bbox 300 1238 375 1292; x_wconf 90' lang='lat' dir='ltr'><strong>actis</strong></span> <span class='ocrx_word' id='word_1_91' title='bbox 398 1246 477 1291; x_wconf 84' lang='lat' dir='ltr'><strong>secta</strong></span> <span class='ocrx_word' id='word_1_92' title='bbox 497 1253 529 1291; x_wconf 88' lang='lat' dir='ltr'><strong>se</strong></span> <span class='ocrx_word' id='word_1_93' title='bbox 546 1237 637 1306; x_wconf 87' lang='lat' dir='ltr'><strong>jactat</strong></span> <span class='ocrx_word' id='word_1_94' title='bbox 650 1238 725 1292; x_wconf 90' lang='lat' dir='ltr'><strong>bene</strong></span> <span class='ocrx_word' id='word_1_95' title='bbox 744 1239 781 1292; x_wconf 91' lang='lat' dir='ltr'><strong>de</strong></span> <span class='ocrx_word' id='word_1_96' title='bbox 803 1238 896 1308; x_wconf 89' lang='lat' dir='ltr'><strong>patria</strong></span> <span class='ocrx_word' id='word_1_97' title='bbox 913 1237 1054 1306; x_wconf 89' lang='lat' dir='ltr'><strong>meritam,</strong></span> <span class='ocrx_word' id='word_1_98' title='bbox 1068 1239 1217 1294; x_wconf 87' lang='lat' dir='ltr'><strong>Ecclesiae</strong></span> 
     </span>
     <span class='ocr_line' id='line_1_13' title="bbox 105 1322 1217 1394; baseline 0.005 -19"><span class='ocrx_word' id='word_1_99' title='bbox 105 1322 219 1378; x_wconf 83' lang='lat' dir='ltr'><strong>Fideles</strong></span> <span class='ocrx_word' id='word_1_100' title='bbox 227 1335 257 1377; x_wconf 89' lang='lat' dir='ltr'><strong>ut</strong></span> <span class='ocrx_word' id='word_1_101' title='bbox 271 1323 402 1378; x_wconf 87' lang='lat' dir='ltr'><strong>inimicos</strong></span> <span class='ocrx_word' id='word_1_102' title='bbox 416 1323 525 1394; x_wconf 85' lang='lat' dir='ltr'><strong>patriae</strong></span> <span class='ocrx_word' id='word_1_103' title='bbox 535 1324 699 1394; x_wconf 86' lang='lat' dir='ltr'><strong>vituperans</strong></span> <span class='ocrx_word' id='word_1_104' title='bbox 714 1325 809 1380; x_wconf 84' lang='lat'>128.-</span> <span class='ocrx_word' id='word_1_105' title='bbox 822 1325 890 1394; x_wconf 90' lang='lat' dir='ltr'><strong>lpsa</strong></span> <span class='ocrx_word' id='word_1_106' title='bbox 897 1341 963 1378; x_wconf 88' lang='lat' dir='ltr'><strong>vero</strong></span> <span class='ocrx_word' id='word_1_107' title='bbox 974 1325 1084 1394; x_wconf 91' lang='lat' dir='ltr'><strong>patriae</strong></span> <span class='ocrx_word' id='word_1_108' title='bbox 1092 1327 1217 1381; x_wconf 86' lang='lat' dir='ltr'><strong>tuendae</strong></span> 
     </span>
     <span class='ocr_line' id='line_1_14' title="bbox 103 1411 1217 1484; baseline 0.005 -21"><span class='ocrx_word' id='word_1_109' title='bbox 103 1411 229 1479; x_wconf 89' lang='lat' dir='ltr'><strong>nomine,</strong></span> <span class='ocrx_word' id='word_1_110' title='bbox 243 1427 307 1466; x_wconf 79' lang='lat' dir='ltr'><strong>eant</strong></span> <span class='ocrx_word' id='word_1_111' title='bbox 321 1411 453 1480; x_wconf 87' lang='lat' dir='ltr'><strong>subigere</strong></span> <span class='ocrx_word' id='word_1_112' title='bbox 469 1423 497 1467; x_wconf 92' lang='lat' dir='ltr'><strong>et</strong></span> <span class='ocrx_word' id='word_1_113' title='bbox 520 1412 698 1466; x_wconf 90' lang='lat' dir='ltr'><strong>ethnicorum</strong></span> <span class='ocrx_word' id='word_1_114' title='bbox 712 1413 872 1484; x_wconf 88' lang='lat' dir='ltr'><strong>corruptela</strong></span> <span class='ocrx_word' id='word_1_115' title='bbox 889 1413 1003 1468; x_wconf 87' lang='lat' dir='ltr'><strong>inficere</strong></span> <span class='ocrx_word' id='word_1_116' title='bbox 1016 1415 1095 1484; x_wconf 90' lang='lat' dir='ltr'><strong>cupit</strong></span> <span class='ocrx_word' id='word_1_117' title='bbox 1111 1415 1168 1469; x_wconf 89' lang='lat'>128.</span> <span class='ocrx_word' id='word_1_118' title='bbox 1182 1445 1217 1456; x_wconf 91' lang='lat'><em>-</em></span> 
     </span>
     <span class='ocr_line' id='line_1_15' title="bbox 104 1497 1218 1573; baseline 0.005 -21"><span class='ocrx_word' id='word_1_119' title='bbox 104 1497 222 1553; x_wconf 91' lang='lat' dir='ltr'><strong>Semota</strong></span> <span class='ocrx_word' id='word_1_120' title='bbox 235 1499 382 1568; x_wconf 86' lang='lat' dir='ltr'><strong>religione,</strong></span> <span class='ocrx_word' id='word_1_121' title='bbox 396 1500 513 1568; x_wconf 89' lang='lat' dir='ltr'><strong>solaque</strong></span> <span class='ocrx_word' id='word_1_122' title='bbox 536 1511 637 1554; x_wconf 89' lang='lat' dir='ltr'><strong>natura</strong></span> <span class='ocrx_word' id='word_1_123' title='bbox 659 1499 740 1568; x_wconf 91' lang='lat' dir='ltr'><strong>duce,</strong></span> <span class='ocrx_word' id='word_1_124' title='bbox 752 1511 835 1555; x_wconf 93' lang='lat' dir='ltr'><strong>ruunt</strong></span> <span class='ocrx_word' id='word_1_125' title='bbox 858 1501 988 1556; x_wconf 90' lang='lat' dir='ltr'><strong>homines</strong></span> <span class='ocrx_word' id='word_1_126' title='bbox 1007 1501 1037 1556; x_wconf 91' lang='lat' dir='ltr'><strong>in</strong></span> <span class='ocrx_word' id='word_1_127' title='bbox 1057 1502 1218 1573; x_wconf 89' lang='lat' dir='ltr'><strong>superbiae,</strong></span> 
     </span>
     <span class='ocr_line' id='line_1_16' title="bbox 101 1585 1216 1658; baseline 0.006 -18"><span class='ocrx_word' id='word_1_128' title='bbox 101 1585 276 1656; x_wconf 86' lang='lat' dir='ltr'><strong>cupiditatis,</strong></span> <span class='ocrx_word' id='word_1_129' title='bbox 290 1587 539 1658; x_wconf 84' lang='lat' dir='ltr'><strong>sensualitatisque</strong></span> <span class='ocrx_word' id='word_1_130' title='bbox 549 1587 704 1658; x_wconf 89' lang='lat' dir='ltr'><strong>perniciem</strong></span> <span class='ocrx_word' id='word_1_131' title='bbox 722 1589 815 1643; x_wconf 74' lang='lat' dir='ltr'><strong>raa-</strong></span> <span class='ocrx_word' id='word_1_132' title='bbox 825 1590 852 1642; x_wconf 85' lang='lat' dir='ltr'>A</span> <span class='ocrx_word' id='word_1_133' title='bbox 864 1600 943 1644; x_wconf 88' lang='lat' dir='ltr'><strong>secta</strong></span> <span class='ocrx_word' id='word_1_134' title='bbox 952 1591 1123 1646; x_wconf 88' lang='lat' dir='ltr'><strong>abhorreant</strong></span> <span class='ocrx_word' id='word_1_135' title='bbox 1133 1591 1216 1647; x_wconf 88' lang='lat' dir='ltr'><strong>Fide·</strong></span> 
     </span>
     <span class='ocr_line' id='line_1_17' title="bbox 101 1673 1215 1745; baseline 0.006 -17"><span class='ocrx_word' id='word_1_136' title='bbox 101 1675 153 1744; x_wconf 91' lang='lat' dir='ltr'><strong>les,</strong></span> <span class='ocrx_word' id='word_1_137' title='bbox 167 1691 253 1744; x_wconf 92' lang='lat' dir='ltr'><strong>quam</strong></span> <span class='ocrx_word' id='word_1_138' title='bbox 266 1673 377 1730; x_wconf 90' lang='lat' dir='ltr'><strong>Summi</strong></span> <span class='ocrx_word' id='word_1_139' title='bbox 393 1675 546 1730; x_wconf 86' lang='lat' dir='ltr'><strong>Pontifices</strong></span> <span class='ocrx_word' id='word_1_140' title='bbox 559 1675 672 1745; x_wconf 90' lang='lat' dir='ltr'><strong>saepius</strong></span> <span class='ocrx_word' id='word_1_141' title='bbox 694 1677 867 1732; x_wconf 90' lang='lat' dir='ltr'><strong>damnarunt</strong></span> <span class='ocrx_word' id='word_1_142' title='bbox 880 1678 934 1732; x_wconf 89' lang='lat' dir='ltr'><strong>sub</strong></span> <span class='ocrx_word' id='word_1_143' title='bbox 947 1679 1215 1735; x_wconf 85' lang='lat' dir='ltr'><strong>excommunicatio·</strong></span> 
     </span>
     <span class='ocr_line' id='line_1_18' title="bbox 100 1763 1214 1834; baseline 0.005 -18"><span class='ocrx_word' id='word_1_144' title='bbox 100 1763 148 1816; x_wconf 89' lang='lat' dir='ltr'><strong>nis</strong></span> <span class='ocrx_word' id='word_1_145' title='bbox 156 1779 249 1831; x_wconf 90' lang='lat' dir='ltr'><strong>poena</strong></span> <span class='ocrx_word' id='word_1_146' title='bbox 260 1763 420 1831; x_wconf 86' lang='lat'>128-129.—</span> <span class='ocrx_word' id='word_1_147' title='bbox 432 1763 611 1834; x_wconf 89' lang='lat' dir='ltr'><strong>Quicumque</strong></span> <span class='ocrx_word' id='word_1_148' title='bbox 619 1764 738 1818; x_wconf 92' lang='lat' dir='ltr'><strong>aliorum</strong></span> <span class='ocrx_word' id='word_1_149' title='bbox 748 1781 844 1818; x_wconf 91' lang='lat' dir='ltr'><strong>curam</strong></span> <span class='ocrx_word' id='word_1_150' title='bbox 855 1775 987 1834; x_wconf 81' lang='lat' dir='ltr'><strong>genunt,a</strong></span> <span class='ocrx_word' id='word_1_151' title='bbox 997 1777 1076 1821; x_wconf 91' lang='lat' dir='ltr'><strong>secta</strong></span> <span class='ocrx_word' id='word_1_152' title='bbox 1085 1765 1214 1822; x_wconf 89' lang='lat' dir='ltr'><strong>subditos</strong></span> 
     </span>
     <span class='ocr_line' id='line_1_19' title="bbox 100 1852 1213 1920; baseline 0.004 -15"><span class='ocrx_word' id='word_1_153' title='bbox 100 1868 170 1906; x_wconf 91' lang='lat' dir='ltr'><strong>suos</strong></span> <span class='ocrx_word' id='word_1_154' title='bbox 186 1852 348 1906; x_wconf 85' lang='lat' dir='ltr'><strong>deterreant</strong></span> <span class='ocrx_word' id='word_1_155' title='bbox 364 1866 420 1920; x_wconf 87' lang='lat'>¹29·</span> <span class='ocrx_word' id='word_1_156' title='bbox 436 1881 471 1891; x_wconf 90' lang='lat'>-</span> <span class='ocrx_word' id='word_1_157' title='bbox 485 1852 688 1907; x_wconf 87' lang='lat' dir='ltr'><strong>Praecludatur</strong></span> <span class='ocrx_word' id='word_1_158' title='bbox 701 1853 795 1908; x_wconf 91' lang='lat' dir='ltr'><strong>omnis</strong></span> <span class='ocrx_word' id='word_1_159' title='bbox 812 1853 859 1907; x_wconf 86' lang='lat' dir='ltr'><strong>via</strong></span> <span class='ocrx_word' id='word_1_160' title='bbox 879 1855 916 1908; x_wconf 89' lang='lat' dir='ltr'><strong>ad</strong></span> <span class='ocrx_word' id='word_1_161' title='bbox 938 1866 1047 1909; x_wconf 88' lang='lat' dir='ltr'><strong>sectam</strong></span> <span class='ocrx_word' id='word_1_162' title='bbox 1060 1855 1213 1911; x_wconf 89' lang='lat' dir='ltr'><strong>delabendi</strong></span> 
     </span>
     <span class='ocr_line' id='line_1_20' title="bbox 103 1940 1212 2013; baseline 0.006 -22"><span class='ocrx_word' id='word_1_163' title='bbox 103 1951 162 2007; x_wconf 87' lang='lat'>129.</span> <span class='ocrx_word' id='word_1_164' title='bbox 178 1969 213 1978; x_wconf 89' lang='lat'><strong>—-</strong></span> <span class='ocrx_word' id='word_1_165' title='bbox 227 1940 384 2009; x_wconf 90' lang='lat' dir='ltr'><strong>Suspectae</strong></span> <span class='ocrx_word' id='word_1_166' title='bbox 398 1940 558 1994; x_wconf 89' lang='lat' dir='ltr'><strong>habeantur</strong></span> <span class='ocrx_word' id='word_1_167' title='bbox 570 1951 598 1995; x_wconf 93' lang='lat' dir='ltr'><strong>et</strong></span> <span class='ocrx_word' id='word_1_168' title='bbox 612 1941 678 1995; x_wconf 90' lang='lat' dir='ltr'><strong>illae</strong></span> <span class='ocrx_word' id='word_1_169' title='bbox 695 1943 848 1996; x_wconf 87' lang='lat' dir='ltr'><strong>societates</strong></span> <span class='ocrx_word' id='word_1_170' title='bbox 861 1958 937 2011; x_wconf 88' lang='lat' dir='ltr'><strong>quae</strong></span> <span class='ocrx_word' id='word_1_171' title='bbox 949 1943 986 1996; x_wconf 89' lang='lat' dir='ltr'><strong>de</strong></span> <span class='ocrx_word' id='word_1_172' title='bbox 998 1943 1135 2013; x_wconf 91' lang='lat' dir='ltr'><strong>religione</strong></span> <span class='ocrx_word' id='word_1_173' title='bbox 1154 1960 1212 1998; x_wconf 89' lang='lat' dir='ltr'><strong>non</strong></span> 
     </span>
     <span class='ocr_line' id='line_1_21' title="bbox 98 2023 1212 2095; baseline 0.007 -19"><span class='ocrx_word' id='word_1_174' title='bbox 98 2033 200 2077; x_wconf 90' lang='lat' dir='ltr'><strong>curant</strong></span> <span class='ocrx_word' id='word_1_175' title='bbox 214 2044 221 2088; x_wconf 86' lang='grc'><strong>;</strong></span> <span class='ocrx_word' id='word_1_176' title='bbox 233 2023 356 2078; x_wconf 87' lang='lat' dir='ltr'><strong>vitentur</strong></span> <span class='ocrx_word' id='word_1_177' title='bbox 368 2041 385 2078; x_wconf 91' lang='lat' dir='ltr'><strong>a</strong></span> <span class='ocrx_word' id='word_1_178' title='bbox 398 2023 564 2078; x_wconf 91' lang='lat' dir='ltr'><strong>mulieribus</strong></span> <span class='ocrx_word' id='word_1_179' title='bbox 577 2024 731 2080; x_wconf 87' lang='lat' dir='ltr'><strong>societates</strong></span> <span class='ocrx_word' id='word_1_180' title='bbox 745 2026 960 2095; x_wconf 86' lang='lat' dir='ltr'><strong>beneficentiae,</strong></span> <span class='ocrx_word' id='word_1_181' title='bbox 970 2028 1024 2082; x_wconf 91' lang='lat' dir='ltr'><strong>nisi</strong></span> <span class='ocrx_word' id='word_1_182' title='bbox 1038 2039 1149 2084; x_wconf 91' lang='lat' dir='ltr'><strong>constet</strong></span> <span class='ocrx_word' id='word_1_183' title='bbox 1162 2045 1212 2084; x_wconf 92' lang='lat' dir='ltr'><strong>eas</strong></span> 
     </span>
     <span class='ocr_line' id='line_1_22' title="bbox 99 2112 1213 2189; baseline 0.009 -25"><span class='ocrx_word' id='word_1_184' title='bbox 99 2127 117 2164; x_wconf 88' lang='lat' dir='ltr'><strong>a</strong></span> <span class='ocrx_word' id='word_1_185' title='bbox 133 2112 318 2166; x_wconf 90' lang='lat' dir='ltr'><strong>Massonibus</strong></span> <span class='ocrx_word' id='word_1_186' title='bbox 338 2112 447 2167; x_wconf 89' lang='lat' dir='ltr'><strong>alienas</strong></span> <span class='ocrx_word' id='word_1_187' title='bbox 466 2129 531 2168; x_wconf 89' lang='lat' dir='ltr'><strong>esse</strong></span> <span class='ocrx_word' id='word_1_188' title='bbox 552 2127 675 2181; x_wconf 82' lang='lat'>129-130.</span> <span class='ocrx_word' id='word_1_189' title='bbox 690 2143 724 2152; x_wconf 98' lang='lat'><em>-</em></span> <span class='ocrx_word' id='word_1_190' title='bbox 747 2115 850 2169; x_wconf 88' lang='lat' dir='ltr'><strong>Nullus</strong></span> <span class='ocrx_word' id='word_1_191' title='bbox 867 2115 1023 2170; x_wconf 80' lang='lat' dir='ltr'><strong>familiares</strong></span> <span class='ocrx_word' id='word_1_192' title='bbox 1040 2117 1146 2172; x_wconf 89' lang='lat' dir='ltr'><strong>habeat</strong></span> <span class='ocrx_word' id='word_1_193' title='bbox 1165 2117 1213 2189; x_wconf 91' lang='lat' dir='ltr'><strong>qui</strong></span> 
     </span>
     <span class='ocr_line' id='line_1_23' title="bbox 99 2197 1213 2271; baseline 0.004 -19"><span class='ocrx_word' id='word_1_194' title='bbox 99 2197 248 2252; x_wconf 88' lang='lat' dir='ltr'><strong>doctrinas</strong></span> <span class='ocrx_word' id='word_1_195' title='bbox 270 2198 460 2266; x_wconf 89' lang='lat' dir='ltr'><strong>subversivas,</strong></span> <span class='ocrx_word' id='word_1_196' title='bbox 473 2200 517 2254; x_wconf 81' lang='lat' dir='ltr'><strong>vel</strong></span> <span class='ocrx_word' id='word_1_197' title='bbox 532 2211 629 2268; x_wconf 89' lang='lat' dir='ltr'><strong>aperte</strong></span> <span class='ocrx_word' id='word_1_198' title='bbox 642 2211 831 2271; x_wconf 89' lang='lat' dir='ltr'><strong>propugneut,</strong></span> <span class='ocrx_word' id='word_1_199' title='bbox 851 2202 895 2256; x_wconf 86' lang='lat' dir='ltr'><strong>vel</strong></span> <span class='ocrx_word' id='word_1_200' title='bbox 909 2204 1074 2258; x_wconf 88' lang='lat' dir='ltr'><strong>tolerandas</strong></span> <span class='ocrx_word' id='word_1_201' title='bbox 1087 2204 1213 2258; x_wconf 89' lang='lat' dir='ltr'><strong>habeant</strong></span> 
     </span>
     <span class='ocr_line' id='line_1_24' title="bbox 104 2286 1213 2356; baseline 0.005 -17"><span class='ocrx_word' id='word_1_202' title='bbox 104 2301 163 2353; x_wconf 85' lang='lat'>130.</span> <span class='ocrx_word' id='word_1_203' title='bbox 174 2316 207 2325; x_wconf 96' lang='lat'><em>-</em></span> <span class='ocrx_word' id='word_1_204' title='bbox 232 2286 323 2356; x_wconf 92' lang='lat' dir='ltr'><strong>lmpie</strong></span> <span class='ocrx_word' id='word_1_205' title='bbox 345 2286 453 2356; x_wconf 89' lang='lat' dir='ltr'><strong>scripta</strong></span> <span class='ocrx_word' id='word_1_206' title='bbox 465 2303 550 2340; x_wconf 89' lang='lat' dir='ltr'><strong>nemo</strong></span> <span class='ocrx_word' id='word_1_207' title='bbox 563 2286 638 2356; x_wconf 87' lang='lat' dir='ltr'><strong>legat</strong></span> <span class='ocrx_word' id='word_1_208' title='bbox 656 2303 713 2355; x_wconf 84' lang='lat'>130-</span> <span class='ocrx_word' id='word_1_209' title='bbox 730 2289 864 2344; x_wconf 89' lang='lat' dir='ltr'><strong>-Secta</strong></span> <span class='ocrx_word' id='word_1_210' title='bbox 886 2305 944 2343; x_wconf 90' lang='lat' dir='ltr'><strong>non</strong></span> <span class='ocrx_word' id='word_1_211' title='bbox 962 2301 1073 2346; x_wconf 87' lang='lat' dir='ltr'><strong>tantum</strong></span> <span class='ocrx_word' id='word_1_212' title='bbox 1095 2291 1213 2345; x_wconf 83' lang='lat' dir='ltr'><strong>vitanda</strong></span> 
     </span>
     <span class='ocr_line' id='line_1_25' title="bbox 99 2371 1212 2446; baseline 0.01 -23"><span class='ocrx_word' id='word_1_213' title='bbox 99 2372 154 2425; x_wconf 91' lang='lat' dir='ltr'><strong>sed</strong></span> <span class='ocrx_word' id='word_1_214' title='bbox 166 2371 362 2442; x_wconf 88' lang='lat' dir='ltr'><strong>impugnanda</strong></span> <span class='ocrx_word' id='word_1_215' title='bbox 376 2391 382 2429; x_wconf 77' lang='grc' dir='ltr'><em>τ</em></span> <span class='ocrx_word' id='word_1_216' title='bbox 403 2375 509 2428; x_wconf 89' lang='lat' dir='ltr'><strong>scholis</strong></span> <span class='ocrx_word' id='word_1_217' title='bbox 527 2385 621 2430; x_wconf 87' lang='lat' dir='ltr'><strong>sectae</strong></span> <span class='ocrx_word' id='word_1_218' title='bbox 635 2375 771 2445; x_wconf 86' lang='lat' dir='ltr'><strong>subjectis</strong></span> <span class='ocrx_word' id='word_1_219' title='bbox 784 2387 966 2446; x_wconf 91' lang='lat' dir='ltr'><strong>opponantur</strong></span> <span class='ocrx_word' id='word_1_220' title='bbox 978 2379 1094 2434; x_wconf 86' lang='lat' dir='ltr'><strong>scholae</strong></span> <span class='ocrx_word' id='word_1_221' title='bbox 1108 2379 1212 2435; x_wconf 90' lang='lat' dir='ltr'><strong>Catho-</strong></span> 
     </span>
     <span class='ocr_line' id='line_1_26' title="bbox 98 2459 1212 2536; baseline 0.008 -24"><span class='ocrx_word' id='word_1_222' title='bbox 98 2459 220 2514; x_wconf 90' lang='lat' dir='ltr'><strong>licorum</strong></span> <span class='ocrx_word' id='word_1_223' title='bbox 236 2476 241 2512; x_wconf 95' lang='grc'>1</span> <span class='ocrx_word' id='word_1_224' title='bbox 249 2475 290 2528; x_wconf 88' lang='lat'><strong>30.</strong></span> <span class='ocrx_word' id='word_1_225' title='bbox 353 2461 495 2516; x_wconf 90' lang='lat' dir='ltr'><strong>Subsidiis</strong></span> <span class='ocrx_word' id='word_1_226' title='bbox 506 2462 632 2517; x_wconf 86' lang='lat' dir='ltr'><strong>caritatis</strong></span> <span class='ocrx_word' id='word_1_227' title='bbox 643 2463 774 2531; x_wconf 91' lang='lat' dir='ltr'><strong>publicae</strong></span> <span class='ocrx_word' id='word_1_228' title='bbox 784 2465 887 2518; x_wconf 89' lang='lat' dir='ltr'><strong>ablatis</strong></span> <span class='ocrx_word' id='word_1_229' title='bbox 905 2465 1016 2532; x_wconf 90' lang='lat' dir='ltr'><strong>privata</strong></span> <span class='ocrx_word' id='word_1_230' title='bbox 1029 2465 1133 2520; x_wconf 89' lang='lat' dir='ltr'><strong>caritas</strong></span> <span class='ocrx_word' id='word_1_231' title='bbox 1147 2483 1212 2536; x_wconf 89' lang='lat' dir='ltr'><strong>sup·</strong></span> 
     </span>
     <span class='ocr_line' id='line_1_27' title="bbox 98 2545 1211 2620; baseline 0.01 -22"><span class='ocrx_word' id='word_1_232' title='bbox 98 2545 176 2614; x_wconf 89' lang='lat' dir='ltr'><strong>pleat</strong></span> <span class='ocrx_word' id='word_1_233' title='bbox 189 2566 195 2612; x_wconf 80' lang='lat'><em>3</em></span> <span class='ocrx_word' id='word_1_234' title='bbox 210 2547 341 2601; x_wconf 89' lang='lat' dir='ltr'><strong>vitiorum</strong></span> <span class='ocrx_word' id='word_1_235' title='bbox 355 2549 515 2603; x_wconf 85' lang='lat' dir='ltr'><strong>recessibus</strong></span> <span class='ocrx_word' id='word_1_236' title='bbox 528 2560 709 2619; x_wconf 89' lang='lat' dir='ltr'><strong>opponantur</strong></span> <span class='ocrx_word' id='word_1_237' title='bbox 722 2551 825 2604; x_wconf 89' lang='lat' dir='ltr'><strong>domus</strong></span> <span class='ocrx_word' id='word_1_238' title='bbox 838 2551 1019 2606; x_wconf 90' lang='lat' dir='ltr'><strong>honestatem</strong></span> <span class='ocrx_word' id='word_1_239' title='bbox 1031 2563 1145 2612; x_wconf 86' lang='lat' dir='ltr'><strong>tuentes</strong></span> <span class='ocrx_word' id='word_1_240' title='bbox 1154 2567 1211 2620; x_wconf 89' lang='lat'>131.</span> 
     </span>
     <span class='ocr_line' id='line_1_28' title="bbox 97 2633 1212 2705; baseline 0.006 -19"><span class='ocrx_word' id='word_1_241' title='bbox 97 2661 134 2670; x_wconf 87' lang='lat'><em>-</em></span> <span class='ocrx_word' id='word_1_242' title='bbox 160 2633 280 2703; x_wconf 89' lang='lat' dir='ltr'><strong>Scriptis</strong></span> <span class='ocrx_word' id='word_1_243' title='bbox 301 2635 397 2704; x_wconf 93' lang='lat' dir='ltr'><strong>impiis</strong></span> <span class='ocrx_word' id='word_1_244' title='bbox 419 2635 525 2704; x_wconf 90' lang='lat' dir='ltr'><strong>scripta</strong></span> <span class='ocrx_word' id='word_1_245' title='bbox 546 2635 688 2691; x_wconf 84' lang='lat' dir='ltr'><strong>catholica</strong></span> <span class='ocrx_word' id='word_1_246' title='bbox 710 2637 929 2705; x_wconf 90' lang='lat' dir='ltr'><strong>respondeant;</strong></span> <span class='ocrx_word' id='word_1_247' title='bbox 951 2638 1212 2694; x_wconf 89' lang='lat' dir='ltr'><strong>consociationibus</strong></span> 
     </span>
     <span class='ocr_line' id='line_1_29' title="bbox 97 2723 1212 2795; baseline 0.007 -21"><span class='ocrx_word' id='word_1_248' title='bbox 97 2737 173 2790; x_wconf 89' lang='lat' dir='ltr'><strong>quae</strong></span> <span class='ocrx_word' id='word_1_249' title='bbox 186 2733 281 2776; x_wconf 89' lang='lat' dir='ltr'><strong>sectae</strong></span> <span class='ocrx_word' id='word_1_250' title='bbox 295 2724 412 2778; x_wconf 88' lang='lat' dir='ltr'><strong>asseclis</strong></span> <span class='ocrx_word' id='word_1_251' title='bbox 423 2723 527 2792; x_wconf 89' lang='lat' dir='ltr'><strong>favent,</strong></span> <span class='ocrx_word' id='word_1_252' title='bbox 538 2735 721 2794; x_wconf 91' lang='lat' dir='ltr'><strong>opponantur</strong></span> <span class='ocrx_word' id='word_1_253' title='bbox 733 2741 807 2795; x_wconf 89' lang='lat' dir='ltr'><strong>qnae</strong></span> <span class='ocrx_word' id='word_1_254' title='bbox 820 2724 969 2779; x_wconf 91' lang='lat' dir='ltr'><strong>caritatem</strong></span> <span class='ocrx_word' id='word_1_255' title='bbox 982 2726 1010 2778; x_wconf 92' lang='lat' dir='ltr'><strong>in</strong></span> <span class='ocrx_word' id='word_1_256' title='bbox 1025 2743 1125 2780; x_wconf 87' lang='lat' dir='ltr'><strong>omnes</strong></span> <span class='ocrx_word' id='word_1_257' title='bbox 1135 2743 1212 2783; x_wconf 88' lang='lat' dir='ltr'><strong>exer·</strong></span> 
     </span>
     <span class='ocr_line' id='line_1_30' title="bbox 97 2811 1211 2885; baseline 0.004 -19"><span class='ocrx_word' id='word_1_258' title='bbox 97 2822 183 2868; x_wconf 90' lang='lat' dir='ltr'><strong>ceant</strong></span> <span class='ocrx_word' id='word_1_259' title='bbox 199 2826 255 2879; x_wconf 96' lang='grc'>131.</span> <span class='ocrx_word' id='word_1_260' title='bbox 269 2839 305 2851; x_wconf 92' lang='grc'>-</span> <span class='ocrx_word' id='word_1_261' title='bbox 320 2814 489 2866; x_wconf 87' lang='lat' dir='ltr'><strong>Massonum</strong></span> <span class='ocrx_word' id='word_1_262' title='bbox 500 2811 647 2867; x_wconf 90' lang='lat' dir='ltr'><strong>industriis</strong></span> <span class='ocrx_word' id='word_1_263' title='bbox 661 2813 698 2866; x_wconf 91' lang='lat' dir='ltr'><strong>ad</strong></span> <span class='ocrx_word' id='word_1_264' title='bbox 709 2813 1105 2882; x_wconf 87' lang='lat' dir='ltr'><strong>Ecclesiamimpugnandam</strong></span> <span class='ocrx_word' id='word_1_265' title='bbox 1123 2831 1211 2885; x_wconf 90' lang='lat' dir='ltr'><strong>oppo-</strong></span> 
     </span>
     <span class='ocr_line' id='line_1_31' title="bbox 97 2897 1210 2968; baseline 0.004 -16"><span class='ocrx_word' id='word_1_266' title='bbox 97 2909 183 2953; x_wconf 90' lang='lat' dir='ltr'><strong>natur</strong></span> <span class='ocrx_word' id='word_1_267' title='bbox 195 2897 234 2952; x_wconf 91' lang='lat' dir='ltr'><strong>rei</strong></span> <span class='ocrx_word' id='word_1_268' title='bbox 248 2899 406 2953; x_wconf 88' lang='lat' dir='ltr'><strong>catholicae</strong></span> <span class='ocrx_word' id='word_1_269' title='bbox 419 2899 560 2953; x_wconf 85' lang='lat' dir='ltr'><strong>studium:</strong></span> <span class='ocrx_word' id='word_1_270' title='bbox 574 2909 654 2953; x_wconf 89' lang='lat' dir='ltr'><strong>secta</strong></span> <span class='ocrx_word' id='word_1_271' title='bbox 667 2897 695 2952; x_wconf 91' lang='lat' dir='ltr'><strong>in</strong></span> <span class='ocrx_word' id='word_1_272' title='bbox 706 2909 805 2968; x_wconf 90' lang='lat' dir='ltr'><strong>aperto</strong></span> <span class='ocrx_word' id='word_1_273' title='bbox 814 2901 1115 2968; x_wconf 87' lang='lat' dir='ltr'><strong>grassante,Catholici</strong></span> <span class='ocrx_word' id='word_1_274' title='bbox 1125 2901 1210 2956; x_wconf 89' lang='lat' dir='ltr'><strong>fidem</strong></span> 
     </span>
     <span class='ocr_line' id='line_1_32' title="bbox 97 2985 1210 3056; baseline 0.003 -15"><span class='ocrx_word' id='word_1_275' title='bbox 97 3003 180 3041; x_wconf 91' lang='lat' dir='ltr'><strong>suam</strong></span> <span class='ocrx_word' id='word_1_276' title='bbox 194 2995 222 3040; x_wconf 89' lang='lat' dir='ltr'><strong>et</strong></span> <span class='ocrx_word' id='word_1_277' title='bbox 235 2985 289 3056; x_wconf 91' lang='lat' dir='ltr'><strong>ipsi</strong></span> <span class='ocrx_word' id='word_1_278' title='bbox 304 2985 417 3056; x_wconf 90' lang='lat' dir='ltr'><strong>publice</strong></span> <span class='ocrx_word' id='word_1_279' title='bbox 429 2985 615 3054; x_wconf 87' lang='lat' dir='ltr'><strong>profiteantur</strong></span> <span class='ocrx_word' id='word_1_280' title='bbox 632 3001 689 3054; x_wconf 84' lang='grc'>131.</span> <span class='ocrx_word' id='word_1_281' title='bbox 702 3015 738 3025; x_wconf 93' lang='lat'><em>-</em></span> <span class='ocrx_word' id='word_1_282' title='bbox 751 2987 838 3041; x_wconf 91' lang='lat' dir='ltr'><strong>Secta</strong></span> <span class='ocrx_word' id='word_1_283' title='bbox 852 2987 1014 3041; x_wconf 86' lang='lat' dir='ltr'><strong>Ecclesiam</strong></span> <span class='ocrx_word' id='word_1_284' title='bbox 1025 2989 1132 3043; x_wconf 89' lang='lat' dir='ltr'><strong>civitati</strong></span> <span class='ocrx_word' id='word_1_285' title='bbox 1147 2991 1210 3044; x_wconf 87' lang='lat' dir='ltr'><strong>sub·</strong></span> 
     </span>
     <span class='ocr_line' id='line_1_33' title="bbox 92 3071 1211 3145; baseline 0.003 -18"><span class='ocrx_word' id='word_1_286' title='bbox 92 3074 183 3143; x_wconf 87' lang='lat' dir='ltr'><strong>jicere</strong></span> <span class='ocrx_word' id='word_1_287' title='bbox 204 3073 323 3139; x_wconf 90' lang='lat' dir='ltr'><strong>nititur;</strong></span> <span class='ocrx_word' id='word_1_288' title='bbox 344 3071 483 3127; x_wconf 88' lang='lat' dir='ltr'><strong>Catholici</strong></span> <span class='ocrx_word' id='word_1_289' title='bbox 506 3072 655 3128; x_wconf 91' lang='lat' dir='ltr'><strong>Ecclesiae</strong></span> <span class='ocrx_word' id='word_1_290' title='bbox 675 3074 836 3128; x_wconf 87' lang='lat' dir='ltr'><strong>libertatem</strong></span> <span class='ocrx_word' id='word_1_291' title='bbox 859 3073 1003 3128; x_wconf 86' lang='lat' dir='ltr'><strong>vindicent</strong></span> <span class='ocrx_word' id='word_1_292' title='bbox 1030 3089 1157 3145; x_wconf 80' lang='lat'>131-132.</span> <span class='ocrx_word' id='word_1_293' title='bbox 1177 3107 1211 3116; x_wconf 93' lang='lat'>—</span> 
     </span>
     <span class='ocr_line' id='line_1_34' title="bbox 97 3159 1211 3234; baseline 0.003 -19"><span class='ocrx_word' id='word_1_294' title='bbox 97 3160 248 3215; x_wconf 88' lang='lat' dir='ltr'><strong>Unitatem</strong></span> <span class='ocrx_word' id='word_1_295' title='bbox 261 3159 433 3215; x_wconf 87' lang='lat' dir='ltr'><strong>catholicam</strong></span> <span class='ocrx_word' id='word_1_296' title='bbox 446 3160 579 3214; x_wconf 86' lang='lat' dir='ltr'><strong>scindere</strong></span> <span class='ocrx_word' id='word_1_297' title='bbox 591 3171 711 3215; x_wconf 92' lang='lat' dir='ltr'><strong>conatur</strong></span> <span class='ocrx_word' id='word_1_298' title='bbox 724 3179 731 3226; x_wconf 89' lang='lat'><strong>;</strong></span> <span class='ocrx_word' id='word_1_299' title='bbox 750 3177 785 3215; x_wconf 95' lang='lat' dir='ltr'><strong>eo</strong></span> <span class='ocrx_word' id='word_1_300' title='bbox 803 3163 895 3230; x_wconf 89' lang='lat' dir='ltr'><strong>magis</strong></span> <span class='ocrx_word' id='word_1_301' title='bbox 910 3163 938 3215; x_wconf 92' lang='lat' dir='ltr'><strong>in</strong></span> <span class='ocrx_word' id='word_1_302' title='bbox 957 3163 1075 3217; x_wconf 90' lang='lat' dir='ltr'><strong>caritate</strong></span> <span class='ocrx_word' id='word_1_303' title='bbox 1089 3173 1117 3218; x_wconf 92' lang='lat' dir='ltr'><strong>et</strong></span> <span class='ocrx_word' id='word_1_304' title='bbox 1130 3179 1211 3234; x_wconf 89' lang='lat' dir='ltr'><strong>prae-</strong></span> 
     </span>
     <span class='ocr_line' id='line_1_35' title="bbox 95 3247 1211 3321; baseline 0.003 -19"><span class='ocrx_word' id='word_1_305' title='bbox 95 3248 255 3318; x_wconf 88' lang='lat' dir='ltr'><strong>positorum</strong></span> <span class='ocrx_word' id='word_1_306' title='bbox 268 3247 406 3318; x_wconf 88' lang='lat' dir='ltr'><strong>obsequio</strong></span> <span class='ocrx_word' id='word_1_307' title='bbox 419 3258 605 3316; x_wconf 90' lang='lat' dir='ltr'><strong>permaneant</strong></span> <span class='ocrx_word' id='word_1_308' title='bbox 621 3248 736 3302; x_wconf 85' lang='lat' dir='ltr'><strong>Fideles</strong></span> <span class='ocrx_word' id='word_1_309' title='bbox 749 3263 849 3317; x_wconf 64' lang='lat'><strong>132-</strong></span> <span class='ocrx_word' id='word_1_310' title='bbox 864 3250 983 3303; x_wconf 90' lang='lat' dir='ltr'><strong>Sublata</strong></span> <span class='ocrx_word' id='word_1_311' title='bbox 996 3251 1142 3320; x_wconf 90' lang='lat' dir='ltr'><strong>religione,</strong></span> <span class='ocrx_word' id='word_1_312' title='bbox 1156 3251 1211 3321; x_wconf 91' lang='lat' dir='ltr'><strong>ipsi</strong></span> 
     </span>
     <span class='ocr_line' id='line_1_36' title="bbox 95 3337 1210 3407; baseline 0.003 -16"><span class='ocrx_word' id='word_1_313' title='bbox 95 3337 205 3406; x_wconf 88' lang='lat' dir='ltr'><strong>patriae</strong></span> <span class='ocrx_word' id='word_1_314' title='bbox 218 3337 300 3391; x_wconf 90' lang='lat' dir='ltr'><strong>ruina</strong></span> <span class='ocrx_word' id='word_1_315' title='bbox 312 3337 457 3407; x_wconf 91' lang='lat' dir='ltr'><strong>impendet</strong></span> <span class='ocrx_word' id='word_1_316' title='bbox 476 3353 533 3404; x_wconf 86' lang='lat'><em>132.</em></span> <span class='ocrx_word' id='word_1_317' title='bbox 548 3367 583 3376; x_wconf 93' lang='lat'><em>-</em></span> <span class='ocrx_word' id='word_1_318' title='bbox 596 3338 722 3392; x_wconf 90' lang='lat' dir='ltr'><strong>Viriliter</strong></span> <span class='ocrx_word' id='word_1_319' title='bbox 734 3354 802 3406; x_wconf 91' lang='lat' dir='ltr'><strong>ergo</strong></span> <span class='ocrx_word' id='word_1_320' title='bbox 818 3338 884 3392; x_wconf 90' lang='lat' dir='ltr'><strong>Itali</strong></span> <span class='ocrx_word' id='word_1_321' title='bbox 897 3339 1004 3407; x_wconf 90' lang='lat' dir='ltr'><strong>praelia</strong></span> <span class='ocrx_word' id='word_1_322' title='bbox 1020 3339 1137 3393; x_wconf 88' lang='lat' dir='ltr'><strong>Domini</strong></span> <span class='ocrx_word' id='word_1_323' title='bbox 1151 3356 1210 3396; x_wconf 89' lang='lat' dir='ltr'><strong>cer·</strong></span> 
     </span>
     <span class='ocr_line' id='line_1_37' title="bbox 95 3424 981 3495; baseline -0.002 -15"><span class='ocrx_word' id='word_1_324' title='bbox 95 3435 157 3480; x_wconf 90' lang='lat' dir='ltr'><strong>tent</strong></span> <span class='ocrx_word' id='word_1_325' title='bbox 170 3424 299 3479; x_wconf 88' lang='lat' dir='ltr'><strong>oratione</strong></span> <span class='ocrx_word' id='word_1_326' title='bbox 309 3435 336 3479; x_wconf 96' lang='lat' dir='ltr'><strong>et</strong></span> <span class='ocrx_word' id='word_1_327' title='bbox 350 3425 501 3480; x_wconf 87' lang='lat' dir='ltr'><strong>virtutibus</strong></span> <span class='ocrx_word' id='word_1_328' title='bbox 511 3425 674 3480; x_wconf 89' lang='lat' dir='ltr'><strong>christianis</strong></span> <span class='ocrx_word' id='word_1_329' title='bbox 688 3426 813 3480; x_wconf 89' lang='lat' dir='ltr'><strong>roborati</strong></span> <span class='ocrx_word' id='word_1_330' title='bbox 831 3441 887 3495; x_wconf 84' lang='lat'>¹3²·</span> <span class='ocrx_word' id='word_1_331' title='bbox 977 3445 981 3458; x_wconf 72' lang='lat'>=</span> 
     </span>
    </p>
   </div>
   <div class='ocr_carea' id='block_1_4' title="bbox 93 3549 1209 3795">
    <p class='ocr_par' dir='ltr' id='par_1_4' title="bbox 93 3549 1209 3795">
     <span class='ocr_line' id='line_1_38' title="bbox 130 3549 1123 3614; baseline 0.004 -14"><span class='ocrx_word' id='word_1_332' title='bbox 130 3551 408 3603; x_wconf 61' lang='lat' dir='ltr'><strong>mumanae:</strong></span> <span class='ocrx_word' id='word_1_333' title='bbox 423 3551 717 3604; x_wconf 78' lang='lat' dir='ltr'><strong>APOSTOLICAE</strong></span> <span class='ocrx_word' id='word_1_334' title='bbox 729 3549 850 3614; x_wconf 86' lang='lat' dir='ltr'><strong>qulbus</strong></span> <span class='ocrx_word' id='word_1_335' title='bbox 864 3554 1123 3604; x_wconf 78' lang='lat' dir='ltr'><strong>Constitutiones</strong></span> 
     </span>
     <span class='ocr_line' id='line_1_39' title="bbox 94 3640 1120 3703; baseline -0.001 -12"><span class='ocrx_word' id='word_1_336' title='bbox 94 3640 358 3691; x_wconf 78' lang='lat' dir='ltr'><strong>Soeletatlsdesu</strong></span> <span class='ocrx_word' id='word_1_337' title='bbox 380 3641 419 3690; x_wconf 84' lang='lat' dir='ltr'><strong>de</strong></span> <span class='ocrx_word' id='word_1_338' title='bbox 441 3641 592 3690; x_wconf 79' lang='lat' dir='ltr'><strong>doctrina</strong></span> <span class='ocrx_word' id='word_1_339' title='bbox 614 3641 643 3690; x_wconf 88' lang='lat' dir='ltr'><strong>S.</strong></span> <span class='ocrx_word' id='word_1_340' title='bbox 666 3641 813 3690; x_wconf 86' lang='lat' dir='ltr'><strong>&#39;rhomae</strong></span> <span class='ocrx_word' id='word_1_341' title='bbox 827 3641 1005 3701; x_wconf 77' lang='lat' dir='ltr'><strong>aquinatis</strong></span> <span class='ocrx_word' id='word_1_342' title='bbox 1018 3643 1120 3703; x_wconf 87' lang='lat' dir='ltr'><strong>profl-</strong></span> 
     </span>
     <span class='ocr_line' id='line_1_40' title="bbox 93 3727 1209 3795; baseline 0.002 -17"><span class='ocrx_word' id='word_1_343' title='bbox 93 3727 791 3778; x_wconf 82' lang='lat' dir='ltr'><strong>tendaconflrmantur.-·30Dec.1892.</strong></span> <span class='ocrx_word' id='word_1_344' title='bbox 1054 3741 1118 3795; x_wconf 88' lang='lat' dir='ltr'><strong>pag.</strong></span> <span class='ocrx_word' id='word_1_345' title='bbox 1160 3739 1209 3794; x_wconf 87' lang='grc'>133</span> 
     </span>
    </p>
   </div>
   <div class='ocr_carea' id='block_1_5' title="bbox 91 3843 1209 4350">
    <p class='ocr_par' dir='ltr' id='par_1_5' title="bbox 91 3843 1209 4350">
     <span class='ocr_line' id='line_1_41' title="bbox 130 3843 1209 3915; baseline 0.002 -17"><span class='ocrx_word' id='word_1_346' title='bbox 130 3845 280 3898; x_wconf 87' lang='lat' dir='ltr'><strong>Novarum</strong></span> <span class='ocrx_word' id='word_1_347' title='bbox 301 3843 496 3898; x_wconf 88' lang='lat' dir='ltr'><strong>doctrinarum</strong></span> <span class='ocrx_word' id='word_1_348' title='bbox 515 3843 604 3897; x_wconf 93' lang='lat' dir='ltr'><strong>libido</strong></span> <span class='ocrx_word' id='word_1_349' title='bbox 619 3843 699 3897; x_wconf 83' lang='lat' dir='ltr'><strong>Fidei</strong></span> <span class='ocrx_word' id='word_1_350' title='bbox 713 3843 839 3899; x_wconf 88' lang='lat' dir='ltr'><strong>maxime</strong></span> <span class='ocrx_word' id='word_1_351' title='bbox 852 3855 945 3912; x_wconf 85' lang='lat' dir='ltr'><strong>nocet,</strong></span> <span class='ocrx_word' id='word_1_352' title='bbox 958 3844 1081 3915; x_wconf 89' lang='lat' dir='ltr'><strong>ideoque</strong></span> <span class='ocrx_word' id='word_1_353' title='bbox 1097 3861 1209 3914; x_wconf 89' lang='lat' dir='ltr'><strong>germa-</strong></span> 
     </span>
     <span class='ocr_line' id='line_1_42' title="bbox 91 3930 1207 4000; baseline 0.001 -14"><span class='ocrx_word' id='word_1_354' title='bbox 91 3948 147 3986; x_wconf 90' lang='lat' dir='ltr'><strong>nae</strong></span> <span class='ocrx_word' id='word_1_355' title='bbox 160 3931 308 3986; x_wconf 90' lang='lat' dir='ltr'><strong>doctrinae</strong></span> <span class='ocrx_word' id='word_1_356' title='bbox 332 3930 425 3984; x_wconf 90' lang='lat' dir='ltr'><strong>fontes</strong></span> <span class='ocrx_word' id='word_1_357' title='bbox 445 3930 592 4000; x_wconf 88' lang='lat' dir='ltr'><strong>repetendi</strong></span> <span class='ocrx_word' id='word_1_358' title='bbox 606 3939 680 3985; x_wconf 90' lang='lat' dir='ltr'><strong>sunt.</strong></span> <span class='ocrx_word' id='word_1_359' title='bbox 696 3932 724 3986; x_wconf 88' lang='lat' dir='ltr'><strong>S.</strong></span> <span class='ocrx_word' id='word_1_360' title='bbox 739 3932 869 3985; x_wconf 91' lang='lat' dir='ltr'><strong>Thomae</strong></span> <span class='ocrx_word' id='word_1_361' title='bbox 882 3932 1044 3986; x_wconf 92' lang='lat' dir='ltr'><strong>doctrinam</strong></span> <span class='ocrx_word' id='word_1_362' title='bbox 1059 3931 1086 3984; x_wconf 91' lang='lat' dir='ltr'><strong>in</strong></span> <span class='ocrx_word' id='word_1_363' title='bbox 1107 3947 1207 3987; x_wconf 89' lang='lat' dir='ltr'><strong>omnes</strong></span> 
     </span>
     <span class='ocr_line' id='line_1_43' title="bbox 91 4016 1209 4088; baseline 0.001 -17"><span class='ocrx_word' id='word_1_364' title='bbox 91 4017 206 4072; x_wconf 89' lang='lat' dir='ltr'><strong>scholas</strong></span> <span class='ocrx_word' id='word_1_365' title='bbox 219 4033 353 4071; x_wconf 87' lang='lat' dir='ltr'><strong>revocare</strong></span> <span class='ocrx_word' id='word_1_366' title='bbox 368 4016 498 4071; x_wconf 86' lang='lat' dir='ltr'><strong>Pontifex</strong></span> <span class='ocrx_word' id='word_1_367' title='bbox 511 4016 619 4083; x_wconf 87' lang='lat' dir='ltr'><strong>statuit,</strong></span> <span class='ocrx_word' id='word_1_368' title='bbox 632 4034 720 4086; x_wconf 84' lang='lat' dir='ltr'><strong>opera</strong></span> <span class='ocrx_word' id='word_1_369' title='bbox 734 4017 902 4088; x_wconf 89' lang='lat' dir='ltr'><strong>confisus,in</strong></span> <span class='ocrx_word' id='word_1_370' title='bbox 916 4037 946 4073; x_wconf 91' lang='lat' dir='ltr'><strong>re</strong></span> <span class='ocrx_word' id='word_1_371' title='bbox 959 4019 1134 4086; x_wconf 88' lang='lat' dir='ltr'><strong>difficillima,</strong></span> <span class='ocrx_word' id='word_1_372' title='bbox 1146 4018 1209 4072; x_wconf 91' lang='lat' dir='ltr'><strong>reli·</strong></span> 
     </span>
     <span class='ocr_line' id='line_1_44' title="bbox 92 4105 1207 4176; baseline 0.002 -18"><span class='ocrx_word' id='word_1_373' title='bbox 92 4106 238 4176; x_wconf 89' lang='lat' dir='ltr'><strong>giosorum</strong></span> <span class='ocrx_word' id='word_1_374' title='bbox 252 4105 401 4171; x_wconf 88' lang='lat' dir='ltr'><strong>Ordinum,</strong></span> <span class='ocrx_word' id='word_1_375' title='bbox 415 4105 491 4159; x_wconf 88' lang='lat' dir='ltr'><strong>inter</strong></span> <span class='ocrx_word' id='word_1_376' title='bbox 503 4121 575 4175; x_wconf 93' lang='lat' dir='ltr'><strong>quos</strong></span> <span class='ocrx_word' id='word_1_377' title='bbox 597 4106 772 4160; x_wconf 91' lang='lat' dir='ltr'><strong>Societatem</strong></span> <span class='ocrx_word' id='word_1_378' title='bbox 794 4107 862 4174; x_wconf 90' lang='lat' dir='ltr'><strong>Jesu</strong></span> <span class='ocrx_word' id='word_1_379' title='bbox 884 4108 988 4162; x_wconf 90' lang='lat' dir='ltr'><strong>adesse</strong></span> <span class='ocrx_word' id='word_1_380' title='bbox 1005 4107 1075 4160; x_wconf 92' lang='lat' dir='ltr'><strong>nihil</strong></span> <span class='ocrx_word' id='word_1_381' title='bbox 1094 4107 1207 4176; x_wconf 92' lang='lat' dir='ltr'><strong>mirum,</strong></span> 
     </span>
     <span class='ocr_line' id='line_1_45' title="bbox 92 4191 1208 4263; baseline 0.004 -19"><span class='ocrx_word' id='word_1_382' title='bbox 92 4199 192 4259; x_wconf 91' lang='lat' dir='ltr'><strong>utpote</strong></span> <span class='ocrx_word' id='word_1_383' title='bbox 203 4191 386 4260; x_wconf 86' lang='lat' dir='ltr'><strong>Apostolicae</strong></span> <span class='ocrx_word' id='word_1_384' title='bbox 400 4192 467 4246; x_wconf 89' lang='lat' dir='ltr'><strong>Sedi</strong></span> <span class='ocrx_word' id='word_1_385' title='bbox 481 4191 708 4258; x_wconf 88' lang='lat' dir='ltr'><strong>devotissimam,</strong></span> <span class='ocrx_word' id='word_1_386' title='bbox 727 4191 907 4263; x_wconf 88' lang='lat' dir='ltr'><strong>propriisque</strong></span> <span class='ocrx_word' id='word_1_387' title='bbox 929 4193 1039 4262; x_wconf 89' lang='lat' dir='ltr'><strong>legibus</strong></span> <span class='ocrx_word' id='word_1_388' title='bbox 1059 4193 1208 4249; x_wconf 86' lang='lat' dir='ltr'><strong>doctrinae</strong></span> 
     </span>
     <span class='ocr_line' id='line_1_46' title="bbox 92 4277 1206 4350; baseline 0.004 -18"><span class='ocrx_word' id='word_1_389' title='bbox 92 4278 122 4332; x_wconf 93' lang='lat' dir='ltr'><strong>S.</strong></span> <span class='ocrx_word' id='word_1_390' title='bbox 136 4279 267 4333; x_wconf 88' lang='lat' dir='ltr'><strong>Thomae</strong></span> <span class='ocrx_word' id='word_1_391' title='bbox 277 4277 442 4333; x_wconf 84' lang='lat' dir='ltr'><strong>adstrictam</strong></span> <span class='ocrx_word' id='word_1_392' title='bbox 455 4293 577 4348; x_wconf 78' lang='lat'>133·¹34</span> <span class='ocrx_word' id='word_1_393' title='bbox 590 4309 626 4320; x_wconf 90' lang='lat'>-</span> <span class='ocrx_word' id='word_1_394' title='bbox 641 4281 703 4334; x_wconf 92' lang='lat' dir='ltr'><strong>Has</strong></span> <span class='ocrx_word' id='word_1_395' title='bbox 716 4279 794 4350; x_wconf 90' lang='lat' dir='ltr'><strong>leges</strong></span> <span class='ocrx_word' id='word_1_396' title='bbox 807 4279 836 4334; x_wconf 86' lang='lat' dir='ltr'><strong>iu</strong></span> <span class='ocrx_word' id='word_1_397' title='bbox 847 4298 989 4336; x_wconf 86' lang='lat' dir='ltr'><strong>summam</strong></span> <span class='ocrx_word' id='word_1_398' title='bbox 1002 4282 1130 4338; x_wconf 86' lang='lat' dir='ltr'><strong>conferre</strong></span> <span class='ocrx_word' id='word_1_399' title='bbox 1143 4299 1206 4338; x_wconf 89' lang='lat' dir='ltr'><strong>sua·</strong></span> 
     </span>
    </p>
   </div>
   <div class='ocr_carea' id='block_1_6' title="bbox 0 0 1612 4880">
    <p class='ocr_par' dir='ltr' id='par_1_6' title="bbox 0 0 1612 4880">
     <span class='ocr_line' id='line_1_47' title="bbox 0 0 1612 4880; baseline 0 5"><span class='ocrx_word' id='word_1_400' title='bbox 0 0 1612 4880; x_wconf 95' lang='lat' dir='ltr'><strong> </strong></span> 
     </span>
    </p>
   </div>
  </div>
 </body>
</html>
