3250 4888
392 307 443 357 DE
470 306 629 358 SCHOLIS
657 307 698 356 IN
725 309 908 358 AMERICA.
1135 307 1203 379 159

96 481 200 546 quum
228 463 260 526 in
288 461 408 543 vulgus
431 462 622 543 importune
638 460 749 524 editae
764 468 885 536 essent,
900 459 1203 524 continuoinflam·
1266 483 1345 570 nin

97 568 199 630 matis
214 565 336 630 animis
363 585 470 630 novae
494 565 627 629 excitae
646 574 724 630 sunt
750 565 1005 642 controversiae,
1020 585 1107 647 quae
1129 576 1202 629 tum
1267 582 1341 646 1895·
1377 588 1378 592 ¹

95 671 189 734 salsis
205 669 545 754 interpretationibus,
561 678 632 732 tum
650 667 956 731 insimulationibus
973 668 1129 750 malignis
1145 689 1204 750 per
1225 696 1360 758 positioni-

18 805 19 810 ¹
96 773 330 859 ephemerides
356 771 495 848 diffusis,
525 772 624 836 latius
649 773 851 854 graviusque
875 781 1082 847 exarserunt.
1106 773 1203 836 Tunc
1229 761 1383 876 ξζὲἶζξθ·

94 882 234 962 quidam
265 898 435 943 sacrorum
468 877 648 942 Antistites
678 877 822 959 regionis
849 886 986 953 vestrae,
1012 879 1082 941 sive
1112 875 1203 959 quod
1229 893 1382 958 uulgaueri-

95 984 406 1065 interpretationem
424 1002 523 1064 aegre
539 981 663 1044 serrent
678 981 800 1063 quibus
816 977 997 1042 nonnullae
1013 999 1058 1042 ex
1074 979 1113 1041 iis
1129 999 1204 1061 pro·
1230 959 1278 1088 2²22
1297 974 1382 1072 3ζὲζῂ

94 1087 318 1168 positionibus
329 1085 597 1167 explicabantur,
606 1085 677 1148 sive
689 1085 779 1166 quod
793 1083 997 1146 consectaria
1009 1090 1206 1170 metuerent,
1231 1089 1382 1139 exortiscon-

94 1209 183 1272 quae
207 1190 285 1253 inde
313 1209 357 1252 ex
385 1189 532 1270 ipsorum
561 1187 727 1251 sententia
750 1187 793 1250 ad
819 1187 1004 1249 animarum
1023 1185 1202 1270 perniciem
1230 1161 1369 1281 gamas,
1440 1257 1442 1264 Α

93 1295 215 1357 deduci
226 1291 581 1376 possent,confidenter
591 1311 742 1356 caussam
757 1291 864 1355 Nobis
876 1299 1077 1373 aperuerunt
1089 1290 1204 1354 anxie·
1230 1287 1358 1399 mx·

93 1398 175 1462 tatis
191 1419 278 1462 suae.
296 1397 368 1462 Nos
384 1404 497 1460 autem
523 1417 688 1460 memores
715 1397 902 1460 animamm
922 1389 1065 1459 salutem
1091 1414 1203 1478 supre·
1259 1415 1345 1464 laede
1357 1433 1384 1466 re

93 1523 185 1567 mam
211 1523 283 1566 esse
311 1503 431 1584 legem,
459 1519 561 1583 quam
586 1501 659 1564 Nos
691 1499 855 1582 imprimis
880 1507 1033 1581 spectare
1063 1507 1206 1580 oportet,
1222 1481 1356 1611 sssssffl‘

92 1603 262 1687 simulque
286 1614 444 1687 optantes
474 1623 599 1668 novum
627 1603 723 1668 vobis
750 1602 870 1666 offerre
894 1603 1016 1684 pignus
1043 1601 1206 1666 sollicitae
1231 1613 1364 1678 quaesivit.

92 1710 244 1773 caritatis
270 1709 424 1787 Nostrae,
440 1727 715 1789 unumquemque
739 1707 908 1771 voluimus
935 1714 1095 1782 vestrum,
1117 1705 1207 1768 datis

93 1813 233 1896 privatis
259 1814 387 1891 litteris,
407 1833 504 1877 suum
529 1831 568 1875 ea
594 1811 638 1874 de
661 1833 696 1874 re
723 1811 882 1875 iudicium
907 1809 1074 1874 liberrime
1098 1808 1207 1873 Nobis

94 1917 287 2000 patefacere
305 1917 418 2000 :quod
435 1915 633 1998 singillatim
660 1937 680 1980 a
704 1916 799 1979 vobis
815 1925 927 1978 actum
952 1923 1003 1978 est
1019 1913 1206 1994 diligenter.

142 2019 247 2083 Hisce
269 2019 341 2083 Nos
357 2019 516 2101 expensis
529 2011 662 2096 litteris,
678 2015 774 2081 facile
790 2017 1024 2100 comperimus,
1040 2016 1205 2100 quosdam
1300 2029 1386 2107 Variis

94 2144 141 2188 ex
157 2125 252 2188 vobis
269 2123 350 2187 nihil
367 2123 506 2188 omnino
522 2122 555 2185 in
572 2123 620 2186 eis
630 2123 710 2204 ipsis
724 2121 1008 2205 propositionibus
1020 2119 1205 2200 deprehen·
1233 2102 1357 2223 Zffssss-ssts

93 2228 186 2292 disse
201 2229 291 2310 quod
308 2229 437 2292 timoris
453 2247 605 2290 caussam
620 2225 752 2290 afferret
768 2248 775 2306 ;
791 2227 993 2309 quibusdam
1010 2245 1088 2288 vero
1101 2224 1205 2288 videri
1232 2227 1385 2340 matr-il·

94 2351 157 2414 per
172 2352 228 2396 eas
245 2333 490 2414 propositiones
506 2355 551 2399 ex
568 2345 662 2416 parte
679 2335 876 2418 abrogatam
893 2335 976 2416 legis
992 2332 1205 2414 disciplinam
1231 2357 1383 2420 prolationes

94 2436 427 2520 scholasticae‚quam
445 2438 574 2522 Synodi
587 2440 846 2504 Baltimorenses
859 2438 1207 2519 sanxerunt,adeoque
1230 2422 1385 2552 {zmil

95 2542 256 2605 iniectum
275 2542 339 2605 sibi
355 2561 429 2606 esse
452 2552 579 2607 metum
608 2563 649 2607 ne
669 2544 800 2608 diversa
825 2541 956 2606 illarum
973 2541 1208 2622 interpretatio
1234 2553 1338 2601 sitiones
1357 2553 1385 2601 tn

94 2645 207 2708 tristia
222 2643 309 2709 foret
324 2646 473 2726 paritura
489 2645 637 2726 dissidia,
652 2647 742 2711 unde
758 2647 892 2710 scholae
908 2646 1094 2710 catholicae
1110 2665 1209 2728 cape·
1235 2633 1346 2732 m}
1360 2699 1386 2732 a·

96 2756 174 2811 rent
189 2749 401 2816 detrimenta.
1236 2748 1363 2840 ltqnpnra

143 2851 229 2915 Rem
257 2853 365 2917 Nobis
391 2854 536 2936 graviter
555 2855 830 2936 ponderantibus,
845 2853 997 2938 profecto
1012 2872 1209 2935 persuasum
1236 2815 1377 2928 mliii.

95 2965 150 3019 est
166 2955 357 3020 huiusmodi
374 2955 664 3036 interpretationes
677 2955 803 3018 alienas
820 2975 954 3036 prorsus
971 2973 1044 3017 esse
1059 2973 1080 3016 a
1096 2961 1210 3016 mente
1238 2945 1360 3059 mtto·

96 3055 256 3138 Delegati
274 3057 399 3132 Nostri,
412 3065 449 3119 ut
466 3055 622 3118 nimirum
635 3074 655 3116 a
667 3057 833 3120 sententia
846 3057 961 3140 procul
978 3059 1102 3121 absunt
1112 3056 1210 3120 huius
1238 3076 1315 3134 rensr,
1328 3075 1389 3124 alu-

96 3159 321 3242 Apostolicae
347 3159 455 3229 Sedis,
471 3157 561 3223 Sane
586 3159 785 3240 praecipuae
801 3161 844 3222 ab
860 3181 901 3224 eo
917 3159 1042 3224 allatae
1059 3160 1210 3242 proposi·
1238 3141 1377 3254 2522'2‘25‘

70 3278 73 3286 ’
95 3264 209 3327 tiones
231 3283 249 3326 e
275 3264 419 3327 decretis
446 3262 586 3325 haustae
612 3269 690 3324 sunt
707 3259 848 3326 Concilii
866 3263 1120 3326 Baltimorensis
1147 3263 1212 3340 III,
1239 3277 1319 3319 mente
1339 3271 1389 3319 De-

96 3375 319 3448 statuuotque
336 3366 498 3448 imprimis
515 3364 745 3447 provehendas
761 3385 833 3430 esse
849 3366 1092 3431 studiosissime
1115 3365 1210 3428 scho-
1238 3337 1389 3450 ξξῖξᾈῖῗ

95 3472 150 3535 las
166 3467 356 3547 catholicas,
371 3468 561 3550 iudicioque
586 3477 619 3531 et
644 3467 867 3532 conscientiae
888 3468 1059 3535 Ordinarii
1075 3470 1212 3549 permit·
1238 3465 1392 3595 malim

94 3574 250 3651 tendum,
266 3574 323 3656 qui
350 3594 411 3654 pro
436 3593 470 3636 re
495 3581 574 3636 nata
600 3571 758 3636 decernat
773 3575 911 3656 quando
938 3572 988 3636 ias
1009 3571 1145 3636 nelasve
1168 3574 1211 3637 sit
1239 3597 1379 3656 pam.

95 3675 233 3741 scholas
260 3676 411 3758 publicas
435 3675 537 3739 adire.
564 3675 719 3738 Iamvero
741 3677 769 3738 si
794 3678 913 3758 quovis
938 3677 972 3740 in
986 3695 1140 3740 sermone
1163 3677 1211 3738 sic
1238 3662 1390 3791 {mim

95 3780 296 3861 accipienda
312 3789 390 3844 sunt
416 3799 456 3842 ea
483 3798 569 3862 quae
585 3779 707 3842 luerint
722 3782 897 3846 enuntiata
913 3780 1088 3862 posterius,
1112 3787 1148 3843 ut
1172 3779 1212 3842 iis
1240 3794 1391 3856 rarumpro-

96 3893 298 3966 congruant,
315 3873 382 3946 non
408 3884 633 3960 adversentur,
660 3903 746 3966 quae
770 3895 870 3949 antea
897 3886 966 3948 sint
989 3885 1088 3960 dicta,
1111 3885 1211 3966 plane
1235 3865 1392 3972 {pamm

96 3987 242 4052 dedecet
255 4007 316 4052 nec
332 4007 478 4069 aequum
494 3997 545 4052 est
561 3988 608 4052 ita
618 3989 764 4054 secunda
780 3989 942 4071 explicari
958 3997 995 4052 ut
1011 4009 1031 4050 a
1047 3987 1213 4070 prioribus
1240 3989 1392 4038 elamme-

96 4092 301 4174 discrepent.
320 4091 427 4174 quue
443 4112 483 4154 eo
498 4091 551 4155 vel
568 4092 676 4173 magis
691 4093 802 4156 valere
813 4093 915 4157 debet
931 4093 1021 4176 quod
1038 4091 1213 4155 scribentis
1240 4055 1390 4168 mim.

97 4212 198 4258 mens
214 4193 307 4258 nullo
323 4195 425 4258 modo
441 4194 559 4260 lateret
574 4191 725 4260 obscura.
750 4195 925 4279 Siquidem
942 4217 1045 4280 quum
1062 4198 1212 4280 proposi·
1240 4193 1280 4232 ”θ
1297 4185 1394 4247 Synodi

117 4298 125 4312 ⁸
230 4297 237 4311 ι
566 4299 574 4314 ·
752 4300 759 4313 ,
1240 4251 1397 4314 delumine:

98 4307 212 4361 tiones
229 4296 284 4360 rlle
300 4297 459 4380 proferret
475 4320 552 4362 suas
565 4320 597 4362 m
610 4300 784 4382 spectabili
797 4311 893 4365 coetu
908 4301 1214 4380 Neo-Eboracensi,
