<?xml version="1.0" encoding="UTF-8"?>
<!DOCTYPE html PUBLIC "-//W3C//DTD XHTML 1.0 Transitional//EN"
    "http://www.w3.org/TR/xhtml1/DTD/xhtml1-transitional.dtd">
<html xmlns="http://www.w3.org/1999/xhtml" xml:lang="en" lang="en">
 <head>
  <title>
</title>
<meta http-equiv="Content-Type" content="text/html;charset=utf-8" />
  <meta name='ocr-system' content='tesseract 3.04.00' />
  <meta name='ocr-capabilities' content='ocr_page ocr_carea ocr_par ocr_line ocrx_word'/>
</head>
<body>
  <div class='ocr_page' id='page_1' title='image "./sanctissimidomi01xiiigoog_0347.png"; bbox 0 0 3216 4880; ppageno 0'>
   <div class='ocr_carea' id='block_1_1' title="bbox 424 273 1184 345">
    <p class='ocr_par' dir='ltr' id='par_1_1' title="bbox 424 273 1184 345">
     <span class='ocr_line' id='line_1_1' title="bbox 424 273 1184 345; baseline -0.003 -19"><span class='ocrx_word' id='word_1_1' title='bbox 424 277 498 345; x_wconf 82' lang='grc'>340</span> <span class='ocrx_word' id='word_1_2' title='bbox 781 275 903 325; x_wconf 84' lang='lat' dir='ltr'>INDEX</span> <span class='ocrx_word' id='word_1_3' title='bbox 932 273 1184 324; x_wconf 84' lang='lat' dir='ltr'>ANALYTlCUS.</span> 
     </span>
    </p>
   </div>
   <div class='ocr_carea' id='block_1_2' title="bbox 421 431 1519 584">
    <p class='ocr_par' dir='ltr' id='par_1_2' title="bbox 421 431 1519 584">
     <span class='ocr_line' id='line_1_2' title="bbox 456 431 1441 484; baseline 0.001 -3"><span class='ocrx_word' id='word_1_4' title='bbox 456 433 505 481; x_wconf 91' lang='grc'>41.</span> <span class='ocrx_word' id='word_1_5' title='bbox 516 431 758 484; x_wconf 78' lang='lat' dir='ltr'>ALLOCUTIO</span> <span class='ocrx_word' id='word_1_6' title='bbox 770 433 812 483; x_wconf 85' lang='lat' dir='ltr'>ad</span> <span class='ocrx_word' id='word_1_7' title='bbox 821 434 973 482; x_wconf 80' lang='lat' dir='ltr'>curiones</span> <span class='ocrx_word' id='word_1_8' title='bbox 981 431 1135 482; x_wconf 83' lang='lat' dir='ltr'>etfldsles</span> <span class='ocrx_word' id='word_1_9' title='bbox 1144 431 1252 483; x_wconf 81' lang='lat' dir='ltr'>Urbis.</span> <span class='ocrx_word' id='word_1_10' title='bbox 1267 431 1355 482; x_wconf 85' lang='lat'>-28</span> <span class='ocrx_word' id='word_1_11' title='bbox 1365 434 1441 482; x_wconf 81' lang='lat' dir='ltr'>Jan.</span> 
     </span>
     <span class='ocr_line' id='line_1_3' title="bbox 421 521 1519 584; baseline 0.01 -13"><span class='ocrx_word' id='word_1_12' title='bbox 421 521 513 572; x_wconf 85' lang='grc'><strong>1894.</strong></span> <span class='ocrx_word' id='word_1_13' title='bbox 1384 532 1446 584; x_wconf 67' lang='lat' dir='ltr'>pad-</span> <span class='ocrx_word' id='word_1_14' title='bbox 1479 529 1519 582; x_wconf 83' lang='lat'>²29</span> 
     </span>
    </p>
   </div>
   <div class='ocr_carea' id='block_1_3' title="bbox 417 619 1518 1474">
    <p class='ocr_par' dir='ltr' id='par_1_3' title="bbox 417 619 1518 1474">
     <span class='ocr_line' id='line_1_4' title="bbox 456 619 1516 690; baseline 0.001 -17"><span class='ocrx_word' id='word_1_15' title='bbox 456 619 594 686; x_wconf 82' lang='lat' dir='ltr'>Pontifex,</span> <span class='ocrx_word' id='word_1_16' title='bbox 609 619 771 689; x_wconf 84' lang='lat' dir='ltr'>Episcopus</span> <span class='ocrx_word' id='word_1_17' title='bbox 784 621 942 687; x_wconf 87' lang='lat' dir='ltr'>Romanus,</span> <span class='ocrx_word' id='word_1_18' title='bbox 953 619 1117 674; x_wconf 84' lang='lat' dir='ltr'>sacerdotes</span> <span class='ocrx_word' id='word_1_19' title='bbox 1131 620 1230 675; x_wconf 86' lang='lat' dir='ltr'>laudat</span> <span class='ocrx_word' id='word_1_20' title='bbox 1242 631 1445 690; x_wconf 84' lang='lat' dir='ltr'>cooperatores</span> <span class='ocrx_word' id='word_1_21' title='bbox 1455 640 1516 684; x_wconf 85' lang='lat' dir='ltr'>suos,</span> 
     </span>
     <span class='ocr_line' id='line_1_5' title="bbox 418 706 1512 778; baseline 0 -16"><span class='ocrx_word' id='word_1_22' title='bbox 418 710 457 762; x_wconf 91' lang='lat' dir='ltr'>ob</span> <span class='ocrx_word' id='word_1_23' title='bbox 469 725 568 762; x_wconf 89' lang='lat' dir='ltr'>eorum</span> <span class='ocrx_word' id='word_1_24' title='bbox 581 706 609 761; x_wconf 90' lang='lat' dir='ltr'>in</span> <span class='ocrx_word' id='word_1_25' title='bbox 623 708 758 762; x_wconf 90' lang='lat' dir='ltr'>obeundo</span> <span class='ocrx_word' id='word_1_26' title='bbox 771 725 853 762; x_wconf 90' lang='lat' dir='ltr'>sacro</span> <span class='ocrx_word' id='word_1_27' title='bbox 866 723 983 762; x_wconf 88' lang='lat' dir='ltr'>munere</span> <span class='ocrx_word' id='word_1_28' title='bbox 995 707 1121 761; x_wconf 89' lang='lat' dir='ltr'>studium</span> <span class='ocrx_word' id='word_1_29' title='bbox 1134 727 1142 770; x_wconf 75' lang='grc' dir='ltr'>ς</span> <span class='ocrx_word' id='word_1_30' title='bbox 1159 707 1344 778; x_wconf 88' lang='lat' dir='ltr'>ipsorumque</span> <span class='ocrx_word' id='word_1_31' title='bbox 1365 711 1512 764; x_wconf 85' lang='lat' dir='ltr'>mercedem</span> 
     </span>
     <span class='ocr_line' id='line_1_6' title="bbox 418 793 1515 865; baseline 0.003 -17"><span class='ocrx_word' id='word_1_32' title='bbox 418 793 448 848; x_wconf 89' lang='lat' dir='ltr'>iu</span> <span class='ocrx_word' id='word_1_33' title='bbox 461 795 541 849; x_wconf 91' lang='lat' dir='ltr'>coelo</span> <span class='ocrx_word' id='word_1_34' title='bbox 555 795 702 864; x_wconf 86' lang='lat' dir='ltr'>copiosam</span> <span class='ocrx_word' id='word_1_35' title='bbox 716 795 860 848; x_wconf 84' lang='lat' dir='ltr'>ominatur</span> <span class='ocrx_word' id='word_1_36' title='bbox 872 808 932 862; x_wconf 84' lang='lat'>229.</span> <span class='ocrx_word' id='word_1_37' title='bbox 947 823 982 834; x_wconf 89' lang='lat'><em>-</em></span> <span class='ocrx_word' id='word_1_38' title='bbox 995 793 1105 850; x_wconf 87' lang='lat' dir='ltr'>Laudat</span> <span class='ocrx_word' id='word_1_39' title='bbox 1119 793 1234 850; x_wconf 83' lang='lat' dir='ltr'>Fideles</span> <span class='ocrx_word' id='word_1_40' title='bbox 1250 813 1387 851; x_wconf 90' lang='lat' dir='ltr'>unacum</span> <span class='ocrx_word' id='word_1_41' title='bbox 1407 799 1515 865; x_wconf 86' lang='lat' dir='ltr'>pastori·</span> 
     </span>
     <span class='ocr_line' id='line_1_7' title="bbox 418 881 1518 956; baseline 0.002 -20"><span class='ocrx_word' id='word_1_42' title='bbox 418 885 472 938; x_wconf 94' lang='lat' dir='ltr'>bus</span> <span class='ocrx_word' id='word_1_43' title='bbox 480 882 650 954; x_wconf 89' lang='lat' dir='ltr'>obsequium</span> <span class='ocrx_word' id='word_1_44' title='bbox 665 883 693 938; x_wconf 90' lang='lat' dir='ltr'>S.</span> <span class='ocrx_word' id='word_1_45' title='bbox 708 881 775 937; x_wconf 89' lang='lat' dir='ltr'>Sedi</span> <span class='ocrx_word' id='word_1_46' title='bbox 788 893 968 950; x_wconf 84' lang='lat' dir='ltr'>praestantes</span> <span class='ocrx_word' id='word_1_47' title='bbox 981 897 1041 951; x_wconf 84' lang='lat'><strong>229·</strong></span> <span class='ocrx_word' id='word_1_48' title='bbox 1054 911 1085 922; x_wconf 95' lang='lat'>-</span> <span class='ocrx_word' id='word_1_49' title='bbox 1097 885 1221 938; x_wconf 91' lang='lat' dir='ltr'>Paterno</span> <span class='ocrx_word' id='word_1_50' title='bbox 1231 884 1335 940; x_wconf 87' lang='lat' dir='ltr'>affectu</span> <span class='ocrx_word' id='word_1_51' title='bbox 1349 885 1429 940; x_wconf 90' lang='lat' dir='ltr'>dolet</span> <span class='ocrx_word' id='word_1_52' title='bbox 1442 903 1518 956; x_wconf 89' lang='lat' dir='ltr'>popu·</span> 
     </span>
     <span class='ocr_line' id='line_1_8' title="bbox 418 969 1511 1042; baseline 0 -18"><span class='ocrx_word' id='word_1_53' title='bbox 418 969 477 1024; x_wconf 89' lang='lat' dir='ltr'>lum</span> <span class='ocrx_word' id='word_1_54' title='bbox 490 987 641 1024; x_wconf 87' lang='lat' dir='ltr'>rommum</span> <span class='ocrx_word' id='word_1_55' title='bbox 654 979 695 1024; x_wconf 92' lang='lat' dir='ltr'>tot</span> <span class='ocrx_word' id='word_1_56' title='bbox 708 985 785 1023; x_wconf 90' lang='lat' dir='ltr'>nunc</span> <span class='ocrx_word' id='word_1_57' title='bbox 797 969 916 1040; x_wconf 90' lang='lat' dir='ltr'>deprimi</span> <span class='ocrx_word' id='word_1_58' title='bbox 938 971 1020 1025; x_wconf 89' lang='lat' dir='ltr'>malis</span> <span class='ocrx_word' id='word_1_59' title='bbox 1034 981 1098 1038; x_wconf 90' lang='lat' dir='ltr'>post</span> <span class='ocrx_word' id='word_1_60' title='bbox 1120 971 1286 1026; x_wconf 87' lang='lat' dir='ltr'>diuturnam</span> <span class='ocrx_word' id='word_1_61' title='bbox 1306 972 1511 1042; x_wconf 85' lang='lat' dir='ltr'>prosperitatem</span> 
     </span>
     <span class='ocr_line' id='line_1_9' title="bbox 418 1055 1518 1128; baseline 0.001 -18"><span class='ocrx_word' id='word_1_62' title='bbox 418 1070 482 1122; x_wconf 82' lang='lat'>230.</span> <span class='ocrx_word' id='word_1_63' title='bbox 496 1083 531 1094; x_wconf 91' lang='grc'><strong>-</strong></span> <span class='ocrx_word' id='word_1_64' title='bbox 545 1055 665 1109; x_wconf 90' lang='lat' dir='ltr'>Utinam</span> <span class='ocrx_word' id='word_1_65' title='bbox 683 1055 758 1110; x_wconf 88' lang='lat' dir='ltr'>illius</span> <span class='ocrx_word' id='word_1_66' title='bbox 770 1056 943 1112; x_wconf 87' lang='lat' dir='ltr'>calamitatis</span> <span class='ocrx_word' id='word_1_67' title='bbox 957 1075 1058 1112; x_wconf 86' lang='lat' dir='ltr'>causas</span> <span class='ocrx_word' id='word_1_68' title='bbox 1071 1075 1215 1128; x_wconf 82' lang='lat' dir='ltr'>quaenam</span> <span class='ocrx_word' id='word_1_69' title='bbox 1228 1058 1285 1114; x_wconf 92' lang='lat' dir='ltr'>sint</span> <span class='ocrx_word' id='word_1_70' title='bbox 1306 1076 1408 1114; x_wconf 87' lang='lat' dir='ltr'>omnes</span> <span class='ocrx_word' id='word_1_71' title='bbox 1431 1057 1518 1112; x_wconf 91' lang='lat' dir='ltr'>intelli·</span> 
     </span>
     <span class='ocr_line' id='line_1_10' title="bbox 417 1141 1512 1214; baseline 0.003 -20"><span class='ocrx_word' id='word_1_72' title='bbox 417 1149 494 1210; x_wconf 85' lang='lat' dir='ltr'>gant,</span> <span class='ocrx_word' id='word_1_73' title='bbox 508 1141 731 1214; x_wconf 88' lang='lat' dir='ltr'>confugiantque</span> <span class='ocrx_word' id='word_1_74' title='bbox 748 1143 785 1196; x_wconf 92' lang='lat' dir='ltr'>ad</span> <span class='ocrx_word' id='word_1_75' title='bbox 806 1143 985 1210; x_wconf 87' lang='lat' dir='ltr'>Religionem</span> <span class='ocrx_word' id='word_1_76' title='bbox 999 1154 1027 1198; x_wconf 90' lang='lat' dir='ltr'>et</span> <span class='ocrx_word' id='word_1_77' title='bbox 1040 1160 1184 1198; x_wconf 85' lang='lat' dir='ltr'>summurn</span> <span class='ocrx_word' id='word_1_78' title='bbox 1202 1144 1352 1200; x_wconf 86' lang='lat' dir='ltr'>Pastorem</span> <span class='ocrx_word' id='word_1_79' title='bbox 1366 1145 1512 1200; x_wconf 83' lang='lat' dir='ltr'>animarum</span> 
     </span>
     <span class='ocr_line' id='line_1_11' title="bbox 419 1229 1517 1298; baseline 0.004 -18"><span class='ocrx_word' id='word_1_80' title='bbox 419 1243 434 1280; x_wconf 88' lang='lat'><em>2</em></span> <span class='ocrx_word' id='word_1_81' title='bbox 438 1241 479 1294; x_wconf 89' lang='lat'>30.</span> <span class='ocrx_word' id='word_1_82' title='bbox 489 1257 523 1266; x_wconf 95' lang='lat'>-</span> <span class='ocrx_word' id='word_1_83' title='bbox 538 1229 681 1282; x_wconf 88' lang='lat' dir='ltr'>Memorat</span> <span class='ocrx_word' id='word_1_84' title='bbox 696 1229 826 1284; x_wconf 81' lang='lat' dir='ltr'>Pontifex</span> <span class='ocrx_word' id='word_1_85' title='bbox 836 1248 853 1284; x_wconf 85' lang='lat' dir='ltr'>a</span> <span class='ocrx_word' id='word_1_86' title='bbox 865 1247 896 1284; x_wconf 88' lang='lat' dir='ltr'>se</span> <span class='ocrx_word' id='word_1_87' title='bbox 909 1241 1033 1285; x_wconf 88' lang='lat' dir='ltr'>erectam</span> <span class='ocrx_word' id='word_1_88' title='bbox 1045 1231 1073 1286; x_wconf 91' lang='lat' dir='ltr'>S.</span> <span class='ocrx_word' id='word_1_89' title='bbox 1086 1231 1224 1286; x_wconf 87' lang='lat' dir='ltr'>Familiae</span> <span class='ocrx_word' id='word_1_90' title='bbox 1234 1233 1485 1298; x_wconf 87' lang='lat' dir='ltr'>consociationem,</span> <span class='ocrx_word' id='word_1_91' title='bbox 1493 1241 1517 1284; x_wconf 93' lang='lat' dir='ltr'>ut</span> 
     </span>
     <span class='ocr_line' id='line_1_12' title="bbox 418 1315 1514 1386; baseline 0.002 -18"><span class='ocrx_word' id='word_1_92' title='bbox 418 1331 546 1384; x_wconf 88' lang='lat' dir='ltr'>peream</span> <span class='ocrx_word' id='word_1_93' title='bbox 561 1315 719 1384; x_wconf 82' lang='lat' dir='ltr'>Religionis</span> <span class='ocrx_word' id='word_1_94' title='bbox 732 1333 818 1371; x_wconf 89' lang='lat' dir='ltr'>sensu</span> <span class='ocrx_word' id='word_1_95' title='bbox 831 1317 928 1386; x_wconf 90' lang='lat' dir='ltr'>populi</span> <span class='ocrx_word' id='word_1_96' title='bbox 942 1319 1107 1372; x_wconf 83' lang='lat' dir='ltr'>imbuantur</span> <span class='ocrx_word' id='word_1_97' title='bbox 1119 1333 1134 1372; x_wconf 86' lang='lat'><strong>2</strong></span> <span class='ocrx_word' id='word_1_98' title='bbox 1138 1333 1179 1386; x_wconf 89' lang='lat'>30.</span> <span class='ocrx_word' id='word_1_99' title='bbox 1193 1347 1229 1358; x_wconf 88' lang='lat'>-</span> <span class='ocrx_word' id='word_1_100' title='bbox 1240 1319 1363 1374; x_wconf 86' lang='lat' dir='ltr'>Sodales</span> <span class='ocrx_word' id='word_1_101' title='bbox 1377 1319 1514 1374; x_wconf 83' lang='lat' dir='ltr'>adstantes</span> 
     </span>
     <span class='ocr_line' id='line_1_13' title="bbox 418 1402 1193 1474; baseline 0.005 -18"><span class='ocrx_word' id='word_1_102' title='bbox 418 1402 456 1457; x_wconf 89' lang='lat' dir='ltr'>ad</span> <span class='ocrx_word' id='word_1_103' title='bbox 469 1403 564 1472; x_wconf 90' lang='lat' dir='ltr'>legum</span> <span class='ocrx_word' id='word_1_104' title='bbox 577 1403 800 1458; x_wconf 87' lang='lat' dir='ltr'>consociationis</span> <span class='ocrx_word' id='word_1_105' title='bbox 811 1406 972 1460; x_wconf 88' lang='lat' dir='ltr'>custodiam</span> <span class='ocrx_word' id='word_1_106' title='bbox 983 1408 1114 1461; x_wconf 87' lang='lat' dir='ltr'>hortatur</span> <span class='ocrx_word' id='word_1_107' title='bbox 1128 1421 1193 1474; x_wconf 84' lang='lat'>231.</span> 
     </span>
    </p>
   </div>
   <div class='ocr_carea' id='block_1_4' title="bbox 418 1519 1520 1678">
    <p class='ocr_par' dir='ltr' id='par_1_4' title="bbox 418 1519 1520 1678">
     <span class='ocr_line' id='line_1_14' title="bbox 454 1519 1445 1574; baseline 0.004 -4"><span class='ocrx_word' id='word_1_108' title='bbox 454 1519 507 1570; x_wconf 85' lang='lat'>42.</span> <span class='ocrx_word' id='word_1_109' title='bbox 525 1519 746 1571; x_wconf 78' lang='lat' dir='ltr'>LITTERAE</span> <span class='ocrx_word' id='word_1_110' title='bbox 771 1521 1064 1574; x_wconf 78' lang='lat' dir='ltr'>APOSTOLICAE</span> <span class='ocrx_word' id='word_1_111' title='bbox 1082 1523 1123 1574; x_wconf 84' lang='lat' dir='ltr'>de</span> <span class='ocrx_word' id='word_1_112' title='bbox 1141 1523 1318 1574; x_wconf 83' lang='lat' dir='ltr'>Canonicis</span> <span class='ocrx_word' id='word_1_113' title='bbox 1337 1525 1445 1574; x_wconf 84' lang='lat' dir='ltr'>hono-</span> 
     </span>
     <span class='ocr_line' id='line_1_15' title="bbox 418 1609 1520 1678; baseline 0 -20"><span class='ocrx_word' id='word_1_114' title='bbox 418 1609 522 1658; x_wconf 85' lang='lat' dir='ltr'>rariis.</span> <span class='ocrx_word' id='word_1_115' title='bbox 545 1609 642 1658; x_wconf 84' lang='grc'>-29</span> <span class='ocrx_word' id='word_1_116' title='bbox 661 1609 849 1660; x_wconf 73' lang='lat' dir='ltr'>lan.l894.</span> <span class='ocrx_word' id='word_1_117' title='bbox 1379 1625 1444 1678; x_wconf 83' lang='lat' dir='ltr'>pag.</span> <span class='ocrx_word' id='word_1_118' title='bbox 1479 1621 1520 1674; x_wconf 78' lang='lat'>²32</span> 
     </span>
    </p>
   </div>
   <div class='ocr_carea' id='block_1_5' title="bbox 419 1699 1523 2924">
    <p class='ocr_par' dir='ltr' id='par_1_5' title="bbox 419 1699 1523 2924">
     <span class='ocr_line' id='line_1_16' title="bbox 456 1699 1516 1781; baseline 0.003 -18"><span class='ocrx_word' id='word_1_119' title='bbox 456 1711 549 1778; x_wconf 91' lang='lat' dir='ltr'>Saepe</span> <span class='ocrx_word' id='word_1_120' title='bbox 562 1711 623 1764; x_wconf 84' lang='lat' dir='ltr'>visa</span> <span class='ocrx_word' id='word_1_121' title='bbox 632 1720 698 1765; x_wconf 91' lang='lat' dir='ltr'>sunt</span> <span class='ocrx_word' id='word_1_122' title='bbox 707 1711 815 1781; x_wconf 90' lang='lat' dir='ltr'>optime</span> <span class='ocrx_word' id='word_1_123' title='bbox 828 1711 956 1766; x_wconf 88' lang='lat' dir='ltr'>instituta</span> <span class='ocrx_word' id='word_1_124' title='bbox 970 1712 998 1765; x_wconf 90' lang='lat' dir='ltr'>in</span> <span class='ocrx_word' id='word_1_125' title='bbox 1012 1710 1145 1780; x_wconf 87' lang='lat' dir='ltr'>deterius,</span> <span class='ocrx_word' id='word_1_126' title='bbox 1154 1712 1276 1768; x_wconf 88' lang='lat' dir='ltr'>decursu</span> <span class='ocrx_word' id='word_1_127' title='bbox 1289 1699 1516 1781; x_wconf 50' lang='lat' dir='ltr'>temporisjabire</span> 
     </span>
     <span class='ocr_line' id='line_1_17' title="bbox 419 1797 1519 1870; baseline 0.005 -22"><span class='ocrx_word' id='word_1_128' title='bbox 419 1809 434 1848; x_wconf 86' lang='lat'><em>2</em></span> <span class='ocrx_word' id='word_1_129' title='bbox 438 1811 479 1862; x_wconf 83' lang='lat'>32.</span> <span class='ocrx_word' id='word_1_130' title='bbox 491 1825 526 1836; x_wconf 91' lang='lat'>-</span> <span class='ocrx_word' id='word_1_131' title='bbox 539 1797 750 1852; x_wconf 89' lang='lat' dir='ltr'>Canonicorum</span> <span class='ocrx_word' id='word_1_132' title='bbox 760 1800 882 1869; x_wconf 89' lang='lat' dir='ltr'>collegia</span> <span class='ocrx_word' id='word_1_133' title='bbox 890 1800 918 1853; x_wconf 92' lang='lat' dir='ltr'>in</span> <span class='ocrx_word' id='word_1_134' title='bbox 929 1816 1014 1870; x_wconf 91' lang='lat' dir='ltr'>quem</span> <span class='ocrx_word' id='word_1_135' title='bbox 1023 1800 1111 1868; x_wconf 80' lang='lat' dir='ltr'>finem</span> <span class='ocrx_word' id='word_1_136' title='bbox 1121 1811 1219 1856; x_wconf 85' lang='lat' dir='ltr'>exorta</span> <span class='ocrx_word' id='word_1_137' title='bbox 1228 1799 1287 1854; x_wconf 91' lang='lat' dir='ltr'>sint</span> <span class='ocrx_word' id='word_1_138' title='bbox 1301 1801 1435 1856; x_wconf 85' lang='lat' dir='ltr'>Pontifex</span> <span class='ocrx_word' id='word_1_139' title='bbox 1447 1817 1519 1870; x_wconf 86' lang='lat' dir='ltr'>expo·</span> 
     </span>
     <span class='ocr_line' id='line_1_18' title="bbox 419 1885 1520 1956; baseline 0.001 -19"><span class='ocrx_word' id='word_1_140' title='bbox 419 1885 468 1938; x_wconf 89' lang='lat' dir='ltr'>nit.</span> <span class='ocrx_word' id='word_1_141' title='bbox 483 1885 576 1954; x_wconf 89' lang='lat' dir='ltr'>lpsius</span> <span class='ocrx_word' id='word_1_142' title='bbox 589 1887 713 1940; x_wconf 89' lang='lat' dir='ltr'>nominis</span> <span class='ocrx_word' id='word_1_143' title='bbox 726 1885 784 1940; x_wconf 90' lang='lat' dir='ltr'>vim</span> <span class='ocrx_word' id='word_1_144' title='bbox 794 1887 937 1956; x_wconf 80' lang='lat' dir='ltr'>expendit,</span> <span class='ocrx_word' id='word_1_145' title='bbox 948 1899 976 1942; x_wconf 90' lang='lat' dir='ltr'>et</span> <span class='ocrx_word' id='word_1_146' title='bbox 986 1888 1197 1942; x_wconf 87' lang='lat' dir='ltr'>Canonicorum</span> <span class='ocrx_word' id='word_1_147' title='bbox 1210 1888 1290 1942; x_wconf 90' lang='lat' dir='ltr'>varia</span> <span class='ocrx_word' id='word_1_148' title='bbox 1300 1905 1422 1944; x_wconf 89' lang='lat' dir='ltr'>munera</span> <span class='ocrx_word' id='word_1_149' title='bbox 1435 1887 1520 1943; x_wconf 89' lang='lat' dir='ltr'>recolit</span> 
     </span>
     <span class='ocr_line' id='line_1_19' title="bbox 419 1973 1517 2046; baseline 0.003 -21"><span class='ocrx_word' id='word_1_150' title='bbox 419 1987 479 2039; x_wconf 84' lang='lat'><strong>232.</strong></span> <span class='ocrx_word' id='word_1_151' title='bbox 493 2002 529 2012; x_wconf 92' lang='lat'><em>-</em></span> <span class='ocrx_word' id='word_1_152' title='bbox 543 1973 657 2027; x_wconf 85' lang='lat' dir='ltr'>Nostris</span> <span class='ocrx_word' id='word_1_153' title='bbox 668 1974 845 2044; x_wconf 88' lang='lat' dir='ltr'>temporibus</span> <span class='ocrx_word' id='word_1_154' title='bbox 864 1976 945 2030; x_wconf 90' lang='lat' dir='ltr'>multi</span> <span class='ocrx_word' id='word_1_155' title='bbox 964 1985 1146 2031; x_wconf 88' lang='lat' dir='ltr'>autumantes</span> <span class='ocrx_word' id='word_1_156' title='bbox 1164 1976 1375 2032; x_wconf 88' lang='lat' dir='ltr'>Canonicorum</span> <span class='ocrx_word' id='word_1_157' title='bbox 1396 1976 1517 2046; x_wconf 82' lang='lat' dir='ltr'>dignitati</span> 
     </span>
     <span class='ocr_line' id='line_1_20' title="bbox 420 2061 1518 2136; baseline 0.003 -22"><span class='ocrx_word' id='word_1_158' title='bbox 420 2061 528 2115; x_wconf 89' lang='lat' dir='ltr'>nullum</span> <span class='ocrx_word' id='word_1_159' title='bbox 548 2079 620 2116; x_wconf 93' lang='lat' dir='ltr'>onus</span> <span class='ocrx_word' id='word_1_160' title='bbox 642 2079 708 2117; x_wconf 86' lang='lat' dir='ltr'>esse</span> <span class='ocrx_word' id='word_1_161' title='bbox 724 2063 900 2134; x_wconf 86' lang='lat' dir='ltr'>adjunctum,</span> <span class='ocrx_word' id='word_1_162' title='bbox 922 2080 1045 2135; x_wconf 88' lang='lat' dir='ltr'>eamque</span> <span class='ocrx_word' id='word_1_163' title='bbox 1065 2064 1238 2133; x_wconf 88' lang='lat' dir='ltr'>omittentes,</span> <span class='ocrx_word' id='word_1_164' title='bbox 1251 2081 1325 2136; x_wconf 91' lang='lat' dir='ltr'>quae</span> <span class='ocrx_word' id='word_1_165' title='bbox 1348 2066 1518 2120; x_wconf 86' lang='lat' dir='ltr'>sacerdotem</span> 
     </span>
     <span class='ocr_line' id='line_1_21' title="bbox 420 2149 1518 2222; baseline 0.002 -20"><span class='ocrx_word' id='word_1_166' title='bbox 420 2149 502 2203; x_wconf 90' lang='lat' dir='ltr'>decet</span> <span class='ocrx_word' id='word_1_167' title='bbox 521 2150 722 2218; x_wconf 87' lang='lat' dir='ltr'>humilitatem,</span> <span class='ocrx_word' id='word_1_168' title='bbox 736 2152 851 2206; x_wconf 90' lang='lat' dir='ltr'>student</span> <span class='ocrx_word' id='word_1_169' title='bbox 865 2151 913 2206; x_wconf 91' lang='lat' dir='ltr'>illo</span> <span class='ocrx_word' id='word_1_170' title='bbox 926 2153 1008 2207; x_wconf 90' lang='lat' dir='ltr'>titulo</span> <span class='ocrx_word' id='word_1_171' title='bbox 1028 2153 1106 2222; x_wconf 89' lang='lat' dir='ltr'>apud</span> <span class='ocrx_word' id='word_1_172' title='bbox 1126 2152 1278 2208; x_wconf 86' lang='lat' dir='ltr'>Antistites</span> <span class='ocrx_word' id='word_1_173' title='bbox 1299 2163 1435 2208; x_wconf 87' lang='lat' dir='ltr'>externos</span> <span class='ocrx_word' id='word_1_174' title='bbox 1454 2153 1518 2208; x_wconf 91' lang='lat' dir='ltr'>nullo</span> 
     </span>
     <span class='ocr_line' id='line_1_22' title="bbox 421 2237 1518 2311; baseline 0.002 -21"><span class='ocrx_word' id='word_1_175' title='bbox 421 2253 472 2290; x_wconf 92' lang='lat' dir='ltr'>suo</span> <span class='ocrx_word' id='word_1_176' title='bbox 485 2237 587 2292; x_wconf 91' lang='lat' dir='ltr'>merito</span> <span class='ocrx_word' id='word_1_177' title='bbox 604 2239 700 2307; x_wconf 88' lang='lat' dir='ltr'>augeri</span> <span class='ocrx_word' id='word_1_178' title='bbox 714 2254 840 2307; x_wconf 85' lang='lat'>²32·233·</span> <span class='ocrx_word' id='word_1_179' title='bbox 855 2268 890 2278; x_wconf 88' lang='lat'>-</span> <span class='ocrx_word' id='word_1_180' title='bbox 899 2240 978 2294; x_wconf 86' lang='lat' dir='ltr'>Talis</span> <span class='ocrx_word' id='word_1_181' title='bbox 991 2241 1084 2294; x_wconf 87' lang='lat' dir='ltr'>honor</span> <span class='ocrx_word' id='word_1_182' title='bbox 1097 2239 1137 2295; x_wconf 90' lang='lat' dir='ltr'>eis</span> <span class='ocrx_word' id='word_1_183' title='bbox 1151 2240 1197 2311; x_wconf 91' lang='lat' dir='ltr'>qui</span> <span class='ocrx_word' id='word_1_184' title='bbox 1213 2240 1291 2310; x_wconf 90' lang='lat' dir='ltr'>digni</span> <span class='ocrx_word' id='word_1_185' title='bbox 1305 2240 1372 2309; x_wconf 87' lang='lat' dir='ltr'>sint,</span> <span class='ocrx_word' id='word_1_186' title='bbox 1384 2257 1518 2296; x_wconf 85' lang='lat' dir='ltr'>reservan-</span> 
     </span>
     <span class='ocr_line' id='line_1_23' title="bbox 420 2326 1521 2398; baseline -0.001 -19"><span class='ocrx_word' id='word_1_187' title='bbox 420 2326 474 2379; x_wconf 90' lang='lat' dir='ltr'>dus</span> <span class='ocrx_word' id='word_1_188' title='bbox 491 2341 550 2395; x_wconf 87' lang='lat'>233.</span> <span class='ocrx_word' id='word_1_189' title='bbox 564 2357 600 2366; x_wconf 98' lang='lat'><em>-</em></span> <span class='ocrx_word' id='word_1_190' title='bbox 622 2327 687 2382; x_wconf 88' lang='lat' dir='ltr'>Hac</span> <span class='ocrx_word' id='word_1_191' title='bbox 708 2327 744 2380; x_wconf 94' lang='lat' dir='ltr'>de</span> <span class='ocrx_word' id='word_1_192' title='bbox 757 2345 787 2381; x_wconf 90' lang='lat' dir='ltr'>re</span> <span class='ocrx_word' id='word_1_193' title='bbox 800 2337 886 2382; x_wconf 91' lang='lat' dir='ltr'>antea</span> <span class='ocrx_word' id='word_1_194' title='bbox 898 2345 950 2398; x_wconf 88' lang='lat' dir='ltr'>per</span> <span class='ocrx_word' id='word_1_195' title='bbox 967 2327 995 2384; x_wconf 93' lang='lat' dir='ltr'>S.</span> <span class='ocrx_word' id='word_1_196' title='bbox 1011 2329 1115 2396; x_wconf 88' lang='lat' dir='ltr'>Congr.</span> <span class='ocrx_word' id='word_1_197' title='bbox 1128 2328 1247 2383; x_wconf 92' lang='lat' dir='ltr'>Concilii</span> <span class='ocrx_word' id='word_1_198' title='bbox 1266 2329 1378 2383; x_wconf 89' lang='lat' dir='ltr'>monita</span> <span class='ocrx_word' id='word_1_199' title='bbox 1401 2327 1521 2383; x_wconf 78' lang='lat' dir='ltr'>Pontifex</span> 
     </span>
     <span class='ocr_line' id='line_1_24' title="bbox 420 2415 1521 2487; baseline -0.002 -19"><span class='ocrx_word' id='word_1_200' title='bbox 420 2415 499 2472; x_wconf 90' lang='lat' dir='ltr'>dedit</span> <span class='ocrx_word' id='word_1_201' title='bbox 513 2437 520 2482; x_wconf 88' lang='lat'><strong>;</strong></span> <span class='ocrx_word' id='word_1_202' title='bbox 530 2415 591 2485; x_wconf 88' lang='lat' dir='ltr'>jam</span> <span class='ocrx_word' id='word_1_203' title='bbox 609 2433 675 2469; x_wconf 89' lang='lat' dir='ltr'>vero</span> <span class='ocrx_word' id='word_1_204' title='bbox 684 2416 800 2483; x_wconf 88' lang='lat' dir='ltr'>gravius</span> <span class='ocrx_word' id='word_1_205' title='bbox 812 2416 877 2468; x_wconf 92' lang='lat' dir='ltr'>illos</span> <span class='ocrx_word' id='word_1_206' title='bbox 888 2417 996 2471; x_wconf 90' lang='lat' dir='ltr'>abusus</span> <span class='ocrx_word' id='word_1_207' title='bbox 1009 2415 1173 2487; x_wconf 89' lang='lat' dir='ltr'>conquestis</span> <span class='ocrx_word' id='word_1_208' title='bbox 1188 2415 1355 2486; x_wconf 86' lang='lat' dir='ltr'>Episcopis‚</span> <span class='ocrx_word' id='word_1_209' title='bbox 1369 2416 1470 2473; x_wconf 86' lang='lat' dir='ltr'>statuit</span> <span class='ocrx_word' id='word_1_210' title='bbox 1486 2431 1521 2468; x_wconf 88' lang='lat' dir='ltr'>su·</span> 
     </span>
     <span class='ocr_line' id='line_1_25' title="bbox 420 2502 1519 2574; baseline -0.001 -19"><span class='ocrx_word' id='word_1_211' title='bbox 420 2521 519 2571; x_wconf 89' lang='lat' dir='ltr'>prema</span> <span class='ocrx_word' id='word_1_212' title='bbox 533 2520 584 2556; x_wconf 89' lang='lat' dir='ltr'>sua</span> <span class='ocrx_word' id='word_1_213' title='bbox 593 2503 776 2557; x_wconf 89' lang='lat' dir='ltr'>auctoritate:</span> <span class='ocrx_word' id='word_1_214' title='bbox 794 2503 898 2573; x_wconf 89' lang='lat' dir='ltr'>1⁰quid</span> <span class='ocrx_word' id='word_1_215' title='bbox 907 2504 1079 2558; x_wconf 87' lang='lat' dir='ltr'>servandum</span> <span class='ocrx_word' id='word_1_216' title='bbox 1093 2503 1129 2558; x_wconf 90' lang='lat' dir='ltr'>sit</span> <span class='ocrx_word' id='word_1_217' title='bbox 1138 2505 1176 2558; x_wconf 89' lang='lat' dir='ltr'>ab</span> <span class='ocrx_word' id='word_1_218' title='bbox 1187 2502 1344 2574; x_wconf 84' lang='lat' dir='ltr'>Episcopo,</span> <span class='ocrx_word' id='word_1_219' title='bbox 1352 2505 1519 2560; x_wconf 87' lang='lat' dir='ltr'>sacerdotem</span> 
     </span>
     <span class='ocr_line' id='line_1_26' title="bbox 421 2591 1521 2664; baseline -0.005 -16"><span class='ocrx_word' id='word_1_220' title='bbox 421 2593 532 2648; x_wconf 87' lang='lat' dir='ltr'>alienae</span> <span class='ocrx_word' id='word_1_221' title='bbox 554 2591 721 2647; x_wconf 87' lang='lat' dir='ltr'>dioeceseos</span> <span class='ocrx_word' id='word_1_222' title='bbox 736 2593 907 2648; x_wconf 89' lang='lat' dir='ltr'>canonicum</span> <span class='ocrx_word' id='word_1_223' title='bbox 929 2593 1129 2659; x_wconf 90' lang='lat' dir='ltr'>nominaturo;</span> <span class='ocrx_word' id='word_1_224' title='bbox 1152 2600 1181 2647; x_wconf 83' lang='lat'>2⁰</span> <span class='ocrx_word' id='word_1_225' title='bbox 1194 2593 1271 2663; x_wconf 83' lang='lat' dir='ltr'>Quot</span> <span class='ocrx_word' id='word_1_226' title='bbox 1284 2592 1351 2661; x_wconf 84' lang='lat' dir='ltr'>eligi</span> <span class='ocrx_word' id='word_1_227' title='bbox 1370 2593 1480 2664; x_wconf 88' lang='lat' dir='ltr'>possint</span> <span class='ocrx_word' id='word_1_228' title='bbox 1495 2609 1521 2644; x_wconf 87' lang='lat' dir='ltr'>ex</span> 
     </span>
     <span class='ocr_line' id='line_1_27' title="bbox 422 2679 1521 2752; baseline -0.001 -19"><span class='ocrx_word' id='word_1_229' title='bbox 422 2681 516 2734; x_wconf 88' lang='lat' dir='ltr'>aliena</span> <span class='ocrx_word' id='word_1_230' title='bbox 533 2680 658 2734; x_wconf 88' lang='lat' dir='ltr'>dioecesi</span> <span class='ocrx_word' id='word_1_231' title='bbox 671 2701 677 2745; x_wconf 88' lang='lat'>;</span> <span class='ocrx_word' id='word_1_232' title='bbox 696 2688 724 2749; x_wconf 85' lang='lat'>3⁰</span> <span class='ocrx_word' id='word_1_233' title='bbox 738 2681 848 2752; x_wconf 88' lang='lat' dir='ltr'>Quibus</span> <span class='ocrx_word' id='word_1_234' title='bbox 864 2683 894 2736; x_wconf 92' lang='lat' dir='ltr'>in</span> <span class='ocrx_word' id='word_1_235' title='bbox 912 2683 991 2750; x_wconf 90' lang='lat' dir='ltr'>locis,</span> <span class='ocrx_word' id='word_1_236' title='bbox 1005 2681 1165 2751; x_wconf 88' lang='lat' dir='ltr'>insignibus</span> <span class='ocrx_word' id='word_1_237' title='bbox 1178 2682 1219 2736; x_wconf 91' lang='lat' dir='ltr'>uti</span> <span class='ocrx_word' id='word_1_238' title='bbox 1232 2681 1274 2737; x_wconf 88' lang='lat' dir='ltr'>eis</span> <span class='ocrx_word' id='word_1_239' title='bbox 1287 2681 1383 2738; x_wconf 85' lang='lat' dir='ltr'>liceat.</span> <span class='ocrx_word' id='word_1_240' title='bbox 1400 2679 1521 2738; x_wconf 91' lang='lat' dir='ltr'>Decemit</span> 
     </span>
     <span class='ocr_line' id='line_1_28' title="bbox 421 2766 1523 2838; baseline 0.003 -20"><span class='ocrx_word' id='word_1_241' title='bbox 421 2773 451 2831; x_wconf 85' lang='lat'>4⁰</span> <span class='ocrx_word' id='word_1_242' title='bbox 464 2766 536 2820; x_wconf 90' lang='lat' dir='ltr'>haec</span> <span class='ocrx_word' id='word_1_243' title='bbox 549 2768 691 2820; x_wconf 85' lang='lat' dir='ltr'>servanda</span> <span class='ocrx_word' id='word_1_244' title='bbox 703 2769 789 2822; x_wconf 91' lang='lat' dir='ltr'>etiam</span> <span class='ocrx_word' id='word_1_245' title='bbox 803 2786 820 2822; x_wconf 90' lang='lat' dir='ltr'>a</span> <span class='ocrx_word' id='word_1_246' title='bbox 834 2767 989 2822; x_wconf 89' lang='lat' dir='ltr'>Canonicis</span> <span class='ocrx_word' id='word_1_247' title='bbox 998 2769 1060 2838; x_wconf 88' lang='lat' dir='ltr'>jam</span> <span class='ocrx_word' id='word_1_248' title='bbox 1073 2768 1235 2824; x_wconf 90' lang='lat' dir='ltr'>nominatis.</span> <span class='ocrx_word' id='word_1_249' title='bbox 1250 2768 1450 2824; x_wconf 90' lang='lat' dir='ltr'>Praesentium</span> <span class='ocrx_word' id='word_1_250' title='bbox 1464 2769 1523 2823; x_wconf 88' lang='lat' dir='ltr'>litte·</span> 
     </span>
     <span class='ocr_line' id='line_1_29' title="bbox 422 2855 844 2924; baseline 0.009 -18"><span class='ocrx_word' id='word_1_251' title='bbox 422 2871 517 2907; x_wconf 87' lang='lat' dir='ltr'>rarum</span> <span class='ocrx_word' id='word_1_252' title='bbox 531 2855 587 2908; x_wconf 86' lang='lat' dir='ltr'>vim</span> <span class='ocrx_word' id='word_1_253' title='bbox 601 2855 703 2910; x_wconf 86' lang='lat' dir='ltr'>asserit</span> <span class='ocrx_word' id='word_1_254' title='bbox 717 2869 731 2908; x_wconf 85' lang='lat'>2</span> <span class='ocrx_word' id='word_1_255' title='bbox 735 2869 844 2924; x_wconf 81' lang='lat'>33-234.</span> 
     </span>
    </p>
   </div>
   <div class='ocr_carea' id='block_1_6' title="bbox 423 2961 1523 3118">
    <p class='ocr_par' dir='ltr' id='par_1_6' title="bbox 423 2961 1523 3118">
     <span class='ocr_line' id='line_1_30' title="bbox 458 2961 1450 3026; baseline 0.004 -16"><span class='ocrx_word' id='word_1_256' title='bbox 458 2961 512 3011; x_wconf 86' lang='grc'>43.</span> <span class='ocrx_word' id='word_1_257' title='bbox 532 2962 741 3013; x_wconf 72' lang='lat' dir='ltr'>EPISTOLA</span> <span class='ocrx_word' id='word_1_258' title='bbox 753 2964 796 3012; x_wconf 85' lang='lat' dir='ltr'>ad</span> <span class='ocrx_word' id='word_1_259' title='bbox 821 2964 1021 3026; x_wconf 78' lang='lat' dir='ltr'>Eplscopum</span> <span class='ocrx_word' id='word_1_260' title='bbox 1041 2964 1253 3014; x_wconf 81' lang='lat' dir='ltr'>Leodlensem</span> <span class='ocrx_word' id='word_1_261' title='bbox 1267 2964 1308 3014; x_wconf 88' lang='lat' dir='ltr'>de</span> <span class='ocrx_word' id='word_1_262' title='bbox 1323 2965 1450 3026; x_wconf 78' lang='lat' dir='ltr'>opinet-</span> 
     </span>
     <span class='ocr_line' id='line_1_31' title="bbox 423 3051 1523 3118; baseline 0.005 -19"><span class='ocrx_word' id='word_1_263' title='bbox 423 3051 805 3102; x_wconf 81' lang='lat' dir='ltr'>bussollicltum.—26</span> <span class='ocrx_word' id='word_1_264' title='bbox 825 3051 918 3102; x_wconf 82' lang='lat' dir='ltr'>Febr.</span> <span class='ocrx_word' id='word_1_265' title='bbox 940 3051 1057 3103; x_wconf 80' lang='grc'><strong>1894...</strong></span> <span class='ocrx_word' id='word_1_266' title='bbox 1386 3065 1449 3118; x_wconf 81' lang='lat' dir='ltr'>pag.</span> <span class='ocrx_word' id='word_1_267' title='bbox 1483 3057 1523 3112; x_wconf 75' lang='lat'>235</span> 
     </span>
    </p>
   </div>
   <div class='ocr_carea' id='block_1_7' title="bbox 423 3151 1522 3568">
    <p class='ocr_par' dir='ltr' id='par_1_7' title="bbox 423 3151 1522 3568">
     <span class='ocr_line' id='line_1_32' title="bbox 459 3151 1517 3223; baseline 0 -18"><span class='ocrx_word' id='word_1_268' title='bbox 459 3152 592 3205; x_wconf 90' lang='lat' dir='ltr'>Testatur</span> <span class='ocrx_word' id='word_1_269' title='bbox 614 3151 744 3205; x_wconf 77' lang='lat' dir='ltr'>Pontifex</span> <span class='ocrx_word' id='word_1_270' title='bbox 765 3151 848 3206; x_wconf 89' lang='lat' dir='ltr'>valde</span> <span class='ocrx_word' id='word_1_271' title='bbox 870 3163 1046 3221; x_wconf 87' lang='lat' dir='ltr'>opportunas</span> <span class='ocrx_word' id='word_1_272' title='bbox 1066 3153 1155 3207; x_wconf 87' lang='lat' dir='ltr'>fuisse</span> <span class='ocrx_word' id='word_1_273' title='bbox 1176 3153 1297 3208; x_wconf 88' lang='lat' dir='ltr'>Litteras</span> <span class='ocrx_word' id='word_1_274' title='bbox 1317 3153 1355 3207; x_wconf 90' lang='lat' dir='ltr'>ab</span> <span class='ocrx_word' id='word_1_275' title='bbox 1382 3153 1517 3223; x_wconf 84' lang='lat' dir='ltr'>Episcopo</span> 
     </span>
     <span class='ocr_line' id='line_1_33' title="bbox 423 3238 1522 3310; baseline 0.002 -18"><span class='ocrx_word' id='word_1_276' title='bbox 423 3238 506 3293; x_wconf 89' lang='lat' dir='ltr'>datas</span> <span class='ocrx_word' id='word_1_277' title='bbox 519 3239 556 3293; x_wconf 91' lang='lat' dir='ltr'>ad</span> <span class='ocrx_word' id='word_1_278' title='bbox 569 3239 761 3308; x_wconf 86' lang='lat' dir='ltr'>extinguenda</span> <span class='ocrx_word' id='word_1_279' title='bbox 775 3239 895 3296; x_wconf 89' lang='lat' dir='ltr'>dissidia</span> <span class='ocrx_word' id='word_1_280' title='bbox 904 3241 981 3296; x_wconf 89' lang='lat' dir='ltr'>circa</span> <span class='ocrx_word' id='word_1_281' title='bbox 994 3241 1127 3310; x_wconf 86' lang='lat' dir='ltr'>opificum</span> <span class='ocrx_word' id='word_1_282' title='bbox 1140 3240 1334 3296; x_wconf 90' lang='lat' dir='ltr'>conditionem</span> <span class='ocrx_word' id='word_1_283' title='bbox 1345 3251 1409 3296; x_wconf 87' lang='lat' dir='ltr'>orta</span> <span class='ocrx_word' id='word_1_284' title='bbox 1424 3253 1482 3308; x_wconf 79' lang='lat'>235.</span> <span class='ocrx_word' id='word_1_285' title='bbox 1495 3265 1522 3275; x_wconf 45' lang='lat' dir='ltr'><em>u</em></span> 
     </span>
     <span class='ocr_line' id='line_1_34' title="bbox 424 3326 1519 3398; baseline -0.003 -20"><span class='ocrx_word' id='word_1_286' title='bbox 424 3327 589 3382; x_wconf 88' lang='lat' dir='ltr'>Praesulem</span> <span class='ocrx_word' id='word_1_287' title='bbox 601 3327 707 3395; x_wconf 88' lang='lat' dir='ltr'>laudat,</span> <span class='ocrx_word' id='word_1_288' title='bbox 727 3344 853 3398; x_wconf 85' lang='lat' dir='ltr'>ovesque</span> <span class='ocrx_word' id='word_1_289' title='bbox 865 3327 920 3398; x_wconf 91' lang='lat' dir='ltr'>ipsi</span> <span class='ocrx_word' id='word_1_290' title='bbox 933 3327 1057 3382; x_wconf 87' lang='lat' dir='ltr'>creditas</span> <span class='ocrx_word' id='word_1_291' title='bbox 1075 3326 1186 3382; x_wconf 88' lang='lat' dir='ltr'>Pastori</span> <span class='ocrx_word' id='word_1_292' title='bbox 1200 3344 1252 3382; x_wconf 88' lang='lat' dir='ltr'>suo</span> <span class='ocrx_word' id='word_1_293' title='bbox 1266 3329 1453 3383; x_wconf 75' lang='lat' dir='ltr'>obsecuturos</span> <span class='ocrx_word' id='word_1_294' title='bbox 1463 3339 1519 3379; x_wconf 89' lang='lat' dir='ltr'>con·</span> 
     </span>
     <span class='ocr_line' id='line_1_35' title="bbox 424 3408 1522 3480; baseline -0.004 -16"><span class='ocrx_word' id='word_1_295' title='bbox 424 3409 486 3466; x_wconf 85' lang='lat' dir='ltr'>fidit</span> <span class='ocrx_word' id='word_1_296' title='bbox 499 3425 558 3480; x_wconf 84' lang='lat'>235.</span> <span class='ocrx_word' id='word_1_297' title='bbox 574 3442 608 3451; x_wconf 88' lang='lat'><em>-</em></span> <span class='ocrx_word' id='word_1_298' title='bbox 621 3413 705 3466; x_wconf 89' lang='lat' dir='ltr'>lllum</span> <span class='ocrx_word' id='word_1_299' title='bbox 718 3413 885 3467; x_wconf 88' lang='lat' dir='ltr'>adhortatur</span> <span class='ocrx_word' id='word_1_300' title='bbox 897 3423 926 3467; x_wconf 89' lang='lat' dir='ltr'>ut</span> <span class='ocrx_word' id='word_1_301' title='bbox 940 3413 968 3466; x_wconf 90' lang='lat' dir='ltr'>S.</span> <span class='ocrx_word' id='word_1_302' title='bbox 983 3413 1067 3468; x_wconf 88' lang='lat' dir='ltr'>Sedis</span> <span class='ocrx_word' id='word_1_303' title='bbox 1086 3413 1259 3468; x_wconf 87' lang='lat' dir='ltr'>documenta</span> <span class='ocrx_word' id='word_1_304' title='bbox 1278 3413 1426 3468; x_wconf 87' lang='lat' dir='ltr'>Fidelibus</span> <span class='ocrx_word' id='word_1_305' title='bbox 1445 3408 1522 3464; x_wconf 85' lang='lat' dir='ltr'>incul-</span> 
     </span>
     <span class='ocr_line' id='line_1_36' title="bbox 424 3501 742 3568; baseline 0.013 -18"><span class='ocrx_word' id='word_1_306' title='bbox 424 3514 489 3552; x_wconf 89' lang='lat' dir='ltr'>care</span> <span class='ocrx_word' id='word_1_307' title='bbox 503 3509 603 3566; x_wconf 89' lang='lat' dir='ltr'>pergat</span> <span class='ocrx_word' id='word_1_308' title='bbox 616 3501 742 3568; x_wconf 85' lang='lat'>235-236.</span> 
     </span>
    </p>
   </div>
   <div class='ocr_carea' id='block_1_8' title="bbox 423 3615 1521 4142">
    <p class='ocr_par' dir='ltr' id='par_1_8' title="bbox 423 3615 1521 4142">
     <span class='ocr_line' id='line_1_37' title="bbox 458 3615 1442 3677; baseline 0.001 -13"><span class='ocrx_word' id='word_1_309' title='bbox 458 3615 513 3664; x_wconf 89' lang='grc'>44.</span> <span class='ocrx_word' id='word_1_310' title='bbox 529 3617 737 3669; x_wconf 78' lang='lat' dir='ltr'>EPISTOLA</span> <span class='ocrx_word' id='word_1_311' title='bbox 754 3618 798 3668; x_wconf 88' lang='lat' dir='ltr'>ad</span> <span class='ocrx_word' id='word_1_312' title='bbox 817 3617 911 3669; x_wconf 86' lang='lat' dir='ltr'>Card.</span> <span class='ocrx_word' id='word_1_313' title='bbox 928 3617 1093 3677; x_wconf 86' lang='lat' dir='ltr'>Goosseus,</span> <span class='ocrx_word' id='word_1_314' title='bbox 1109 3617 1206 3666; x_wconf 79' lang='lat' dir='ltr'>Arcti.</span> <span class='ocrx_word' id='word_1_315' title='bbox 1224 3617 1442 3667; x_wconf 83' lang='lat' dir='ltr'>Mechllnlen·</span> 
     </span>
     <span class='ocr_line' id='line_1_38' title="bbox 423 3705 1446 3768; baseline -0.001 -14"><span class='ocrx_word' id='word_1_316' title='bbox 423 3716 492 3754; x_wconf 87' lang='lat' dir='ltr'>sem</span> <span class='ocrx_word' id='word_1_317' title='bbox 512 3705 553 3754; x_wconf 87' lang='lat' dir='ltr'>de</span> <span class='ocrx_word' id='word_1_318' title='bbox 572 3707 726 3757; x_wconf 81' lang='lat' dir='ltr'>instituto</span> <span class='ocrx_word' id='word_1_319' title='bbox 744 3707 862 3768; x_wconf 84' lang='lat' dir='ltr'>philos.</span> <span class='ocrx_word' id='word_1_320' title='bbox 890 3707 1095 3758; x_wconf 84' lang='lat' dir='ltr'>Louanlensl.</span> <span class='ocrx_word' id='word_1_321' title='bbox 1119 3731 1155 3741; x_wconf 89' lang='lat'><em>-</em></span> <span class='ocrx_word' id='word_1_322' title='bbox 1176 3705 1197 3756; x_wconf 87' lang='grc'><strong>7</strong></span> <span class='ocrx_word' id='word_1_323' title='bbox 1221 3707 1336 3756; x_wconf 82' lang='lat' dir='ltr'>Martii</span> <span class='ocrx_word' id='word_1_324' title='bbox 1354 3705 1446 3756; x_wconf 82' lang='grc'><strong>1894.</strong></span> 
     </span>
     <span class='ocr_line' id='line_1_39' title="bbox 1384 3795 1521 3860; baseline -0.073 -2"><span class='ocrx_word' id='word_1_325' title='bbox 1384 3805 1447 3860; x_wconf 72' lang='lat'>1³³8·</span> <span class='ocrx_word' id='word_1_326' title='bbox 1482 3795 1521 3851; x_wconf 78' lang='lat'>237</span> 
     </span>
     <span class='ocr_line' id='line_1_40' title="bbox 460 3893 1517 3966; baseline 0.006 -20"><span class='ocrx_word' id='word_1_327' title='bbox 460 3893 573 3947; x_wconf 87' lang='lat' dir='ltr'>Gaudet</span> <span class='ocrx_word' id='word_1_328' title='bbox 589 3893 720 3948; x_wconf 89' lang='lat' dir='ltr'>Pontifex</span> <span class='ocrx_word' id='word_1_329' title='bbox 732 3895 880 3949; x_wconf 90' lang='lat' dir='ltr'>conditum</span> <span class='ocrx_word' id='word_1_330' title='bbox 892 3912 956 3950; x_wconf 90' lang='lat' dir='ltr'>esse</span> <span class='ocrx_word' id='word_1_331' title='bbox 971 3895 1088 3950; x_wconf 87' lang='lat' dir='ltr'>Lovanii</span> <span class='ocrx_word' id='word_1_332' title='bbox 1109 3893 1270 3951; x_wconf 90' lang='lat' dir='ltr'>institutum</span> <span class='ocrx_word' id='word_1_333' title='bbox 1288 3894 1517 3966; x_wconf 69' lang='lat' dir='ltr'>philosophicum·</span> 
     </span>
     <span class='ocr_line' id='line_1_41' title="bbox 424 3975 1519 4050; baseline 0 -19"><span class='ocrx_word' id='word_1_334' title='bbox 424 3988 509 4032; x_wconf 88' lang='lat' dir='ltr'>antea</span> <span class='ocrx_word' id='word_1_335' title='bbox 519 3979 575 4046; x_wconf 79' lang='lat' dir='ltr'>iarn</span> <span class='ocrx_word' id='word_1_336' title='bbox 589 3999 606 4034; x_wconf 93' lang='lat' dir='ltr'>a</span> <span class='ocrx_word' id='word_1_337' title='bbox 619 3997 650 4035; x_wconf 91' lang='lat' dir='ltr'>se</span> <span class='ocrx_word' id='word_1_338' title='bbox 663 3982 881 4050; x_wconf 87' lang='lat' dir='ltr'>comprobatum</span> <span class='ocrx_word' id='word_1_339' title='bbox 891 3997 951 4049; x_wconf 86' lang='lat'>²37·</span> <span class='ocrx_word' id='word_1_340' title='bbox 964 4013 996 4022; x_wconf 93' lang='lat'><em>-</em></span> <span class='ocrx_word' id='word_1_341' title='bbox 1013 3985 1136 4037; x_wconf 90' lang='lat' dir='ltr'>Multum</span> <span class='ocrx_word' id='word_1_342' title='bbox 1149 3983 1242 4038; x_wconf 87' lang='lat' dir='ltr'>laudis</span> <span class='ocrx_word' id='word_1_343' title='bbox 1251 4001 1329 4038; x_wconf 86' lang='lat' dir='ltr'>exeo</span> <span class='ocrx_word' id='word_1_344' title='bbox 1345 3975 1519 4038; x_wconf 84' lang='lat' dir='ltr'>Universitati</span> 
     </span>
     <span class='ocr_line' id='line_1_42' title="bbox 424 4065 1518 4142; baseline 0.002 -24"><span class='ocrx_word' id='word_1_345' title='bbox 424 4065 550 4131; x_wconf 70' lang='lat' dir='ltr'>accedet.</span> <span class='ocrx_word' id='word_1_346' title='bbox 563 4085 629 4121; x_wconf 90' lang='lat' dir='ltr'>cum</span> <span class='ocrx_word' id='word_1_347' title='bbox 643 4069 823 4140; x_wconf 89' lang='lat' dir='ltr'>philosophia</span> <span class='ocrx_word' id='word_1_348' title='bbox 842 4069 999 4124; x_wconf 85' lang='lat' dir='ltr'>christiana</span> <span class='ocrx_word' id='word_1_349' title='bbox 1013 4088 1112 4125; x_wconf 87' lang='lat' dir='ltr'>sacrae</span> <span class='ocrx_word' id='word_1_350' title='bbox 1127 4071 1277 4125; x_wconf 85' lang='lat' dir='ltr'>doctrinae</span> <span class='ocrx_word' id='word_1_351' title='bbox 1291 4071 1424 4142; x_wconf 85' lang='lat' dir='ltr'>adjutrix,</span> <span class='ocrx_word' id='word_1_352' title='bbox 1440 4085 1471 4122; x_wconf 89' lang='lat' dir='ltr'>ac</span> <span class='ocrx_word' id='word_1_353' title='bbox 1483 4081 1518 4120; x_wconf 88' lang='lat' dir='ltr'>ce·</span> 
     </span>
    </p>
   </div>
   <div class='ocr_carea' id='block_1_9' title="bbox 425 4153 1519 4314">
    <p class='ocr_par' dir='ltr' id='par_1_9' title="bbox 425 4153 1519 4314">
     <span class='ocr_line' id='line_1_43' title="bbox 425 4153 1518 4229; baseline 0.007 -24"><span class='ocrx_word' id='word_1_354' title='bbox 425 4153 501 4221; x_wconf 85' lang='lat' dir='ltr'>teris,</span> <span class='ocrx_word' id='word_1_355' title='bbox 524 4156 697 4212; x_wconf 89' lang='lat' dir='ltr'>moderatrix</span> <span class='ocrx_word' id='word_1_356' title='bbox 718 4157 844 4212; x_wconf 90' lang='lat' dir='ltr'>assideat</span> <span class='ocrx_word' id='word_1_357' title='bbox 869 4172 929 4226; x_wconf 88' lang='lat'>237.</span> <span class='ocrx_word' id='word_1_358' title='bbox 952 4187 984 4197; x_wconf 89' lang='lat'>--</span> <span class='ocrx_word' id='word_1_359' title='bbox 1010 4159 1099 4213; x_wconf 90' lang='lat' dir='ltr'>Recte</span> <span class='ocrx_word' id='word_1_360' title='bbox 1120 4160 1214 4214; x_wconf 85' lang='lat' dir='ltr'>valent</span> <span class='ocrx_word' id='word_1_361' title='bbox 1234 4157 1429 4229; x_wconf 88' lang='lat' dir='ltr'>philosophari</span> <span class='ocrx_word' id='word_1_362' title='bbox 1444 4153 1518 4229; x_wconf 71' lang='lat' dir='ltr'>quiin</span> 
     </span>
     <span class='ocr_line' id='line_1_44' title="bbox 427 4239 1519 4314; baseline 0.004 -22"><span class='ocrx_word' id='word_1_363' title='bbox 427 4239 667 4298; x_wconf 82' lang='lat' dir='ltr'>Scholasticorum</span> <span class='ocrx_word' id='word_1_364' title='bbox 681 4244 831 4314; x_wconf 84' lang='lat' dir='ltr'>disciplina</span> <span class='ocrx_word' id='word_1_365' title='bbox 845 4245 893 4299; x_wconf 92' lang='lat' dir='ltr'>diu</span> <span class='ocrx_word' id='word_1_366' title='bbox 903 4245 1082 4314; x_wconf 88' lang='lat' dir='ltr'>multumque</span> <span class='ocrx_word' id='word_1_367' title='bbox 1092 4247 1148 4300; x_wconf 88' lang='lat' dir='ltr'>sint</span> <span class='ocrx_word' id='word_1_368' title='bbox 1156 4245 1261 4299; x_wconf 87' lang='lat' dir='ltr'>versati</span> <span class='ocrx_word' id='word_1_369' title='bbox 1271 4258 1332 4314; x_wconf 82' lang='lat'>237.</span> <span class='ocrx_word' id='word_1_370' title='bbox 1343 4247 1519 4300; x_wconf 79' lang='lat' dir='ltr'>—Generosa</span> 
     </span>
    </p>
   </div>
   <div class='ocr_carea' id='block_1_10' title="bbox 0 0 1620 4880">
    <p class='ocr_par' dir='ltr' id='par_1_10' title="bbox 0 0 1620 4880">
     <span class='ocr_line' id='line_1_45' title="bbox 0 0 1620 4880; baseline 0 0"><span class='ocrx_word' id='word_1_371' title='bbox 0 0 1620 4880; x_wconf 95' lang='lat' dir='ltr'> </span> 
     </span>
    </p>
   </div>
  </div>
 </body>
</html>
