3222 4888
298 1094 315 1138 s
406 1074 443 1150 ll
596 1085 774 1134 ΑΕΤΙΤΙΑΕ
804 1079 954 1146 sanctae,
982 1088 1084 1151 quam
1116 1069 1224 1132 Nobis
1271 1087 1381 1131 annus
1420 1067 1506 1149 quin·

261 1153 350 1268 {lag
408 1074 595 1450 {Q}
619 1174 834 1256 quagesimus
850 1174 894 1236 ab
909 1172 1091 1254 episcopali
1108 1173 1360 1236 consecratione
1377 1171 1508 1234 feliciter

298 1321 382 1370 Laui-
407 1299 518 1449 aaz?
618 1277 736 1360 plenus
767 1279 922 1355 adduxit,
946 1285 1102 1359 pergrata
1133 1276 1290 1340 nimirum
1318 1295 1364 1338 ex
1389 1295 1431 1337 eo
1454 1273 1508 1337 suit

233 1387 297 1435 tiam
317 1387 381 1463 ζωρ-
617 1382 771 1460 accessio,
786 1384 877 1464 quod
894 1403 1021 1458 omnes,
1037 1402 1095 1464 per
1112 1381 1363 1446 universitatem
1377 1381 1508 1446 catholi-

255 1452 384 1581 q„·,{lqfi„‘,²f
409 1503 522 1548 carum
539 1485 701 1568 gentium,
711 1506 778 1549 non
790 1505 886 1549 secus
903 1505 942 1548 ac
958 1484 1044 1548 filios
1061 1495 1165 1566 pater,
1175 1493 1349 1548 consortes
1361 1483 1508 1548 habueri·

249 1597 384 1711 {mg}
410 1607 493 1664 mus,
508 1587 587 1653 fidei
603 1602 635 1653 et
653 1589 775 1653 amoris
792 1588 1038 1670 significatione
1054 1589 1284 1672 pulcherrima.
1299 1590 1339 1652 ln
1350 1609 1420 1672 quo
1431 1607 1509 1652 nova

233 1719 273 1760 tus
285 1729 384 1761 annum
409 1713 541 1775 semper
556 1713 632 1775 cum
648 1695 757 1776 gratia
770 1695 985 1778 agnoscimus
1002 1705 1035 1758 et
1051 1695 1286 1775 praedicamus
1318 1693 1383 1757 Dei
1411 1692 1509 1776 provi·

240 1779 383 1892 Ἥῖἴζὲ
410 1797 521 1861 dentis
537 1799 722 1876 consilium,
739 1809 773 1862 et
789 1817 919 1862 summe
936 1800 969 1861 in
988 1799 1019 1861 N
1023 1799 1224 1881 osmetipsos
1248 1796 1461 1876 benevolum,
1482 1805 1510 1860 et

233 1910 328 2022 mg
335 1909 383 2024 12
411 1901 584 1966 Ecclesiae
596 1923 677 1966 suae
692 1903 783 1966 haud
800 1903 918 1966 leviter
933 1902 1143 1985 profuturum
1163 1925 1171 1981 ;
1189 1923 1297 1986 neque
1314 1904 1427 1968 minus
1443 1913 1510 1968 avet

139 2039 140 2042 =
235 2041 302 2088 „M
411 2008 713 2084 animus,eiusdern
731 2005 884 2072 beneficii
901 2009 1064 2090 optimam
1083 2009 1172 2088 apud
1191 2007 1303 2071 Deum
1317 2009 1510 2074 conciliatri-

267 2107 384 2220 alam
411 2129 494 2186 cern,
512 2110 656 2174 Matrem
677 2113 748 2176 eius
774 2121 963 2194 augustam,
978 2111 1125 2176 salutare
1151 2111 1307 2174 laudibus
1332 2123 1366 2176 et
1395 2111 1511 2176 efferre.

279 2243 386 2286 testatur
415 2212 525 2276 Huius
541 2215 666 2298 quippe
682 2215 809 2278 eximia
825 2215 956 2292 caritas,
969 2234 1070 2296 quam
1083 2215 1242 2278 diuturno
1255 2215 1418 2296 varioque
1431 2225 1509 2278 aeta-

235 2301 386 2430 affl&
413 2317 455 2378 tis
472 2318 582 2397 spatio
594 2318 758 2382 sensimus
778 2318 847 2399 lpsi
864 2317 978 2382 multis
1001 2317 1109 2380 modis
1126 2325 1347 2398 praesentem,
1364 2339 1510 2398 praesen-

223 2432 344 2482 arant.
357 2434 383 2481 V.
413 2418 478 2483 rior
494 2421 525 2482 in
543 2421 615 2484 dies
631 2432 710 2486 ante
733 2422 847 2486 oculos
878 2421 994 2504 fulget,
1009 2432 1112 2504 atque
1139 2421 1288 2484 animum
1320 2423 1511 2486 suavissime

414 2521 569 2600 afficiens,
586 2523 708 2590 fiducia
729 2547 795 2590 non
812 2528 960 2591 humana
976 2525 1162 2589 confirmat
1180 2523 1343 2590 Caelestis
1365 2527 1511 2609 Reginae

294 2649 385 2714 pem-g.
413 2648 481 2691 vox
505 2629 579 2712 ipsa
605 2633 759 2695 exaudiri
786 2631 927 2708 videtur,
944 2630 1016 2694 Nos
1049 2629 1193 2712 benigne
1212 2639 1284 2692 tum
1309 2632 1469 2714 erigentis
1483 2632 1511 2694 in

236 2732 283 2764 Μ
292 2717 386 2766 Matris
414 2733 603 2814 asperrimis
618 2733 788 2798 Ecclesiae
804 2735 1021 2816 temporibus,
1034 2744 1105 2798 tum
1122 2734 1252 2797 consilii
1263 2735 1417 2816 copidad
1428 2737 1511 2799 insti·

414 2846 488 2900 tuta
503 2839 691 2902 communis
707 2839 823 2902 salutis
840 2839 1013 2921 proposita
1036 2838 1235 2915 adiuvantis,
1250 2848 1322 2902 tum
1340 2840 1445 2904 etiam
1461 2841 1510 2904 ad·

415 2943 583 3006 monentis
599 2952 636 3006 ut
664 2943 824 3026 pietatem
841 2963 1045 3025 omnemque
1071 2943 1204 3006 virtutis
1231 2941 1359 3006 cultum
1377 2945 1413 3007 in
1437 2945 1511 3007 chri·

237 3085 337 3134 nuda„
350 3087 386 3150 ip-
414 3047 524 3108 stiano
541 3046 667 3129 populo
692 3047 888 3112 excitemus.
904 3045 1045 3109 Talibus
1067 3046 1270 3127 respondere
1297 3043 1427 3127 optatis
1453 3049 1510 3110 iam

246 3168 269 3199 5⁶
289 3151 388 3215 saepius
414 3150 537 3232 pluries
550 3153 691 3214 antehac
708 3153 889 3216 iucundum
908 3151 1016 3216 Nobis
1033 3161 1254 3234 sanctumque
1270 3150 1341 3215 suit.
1356 3150 1397 3214 In
1409 3153 1511 3216 fructi·

237 3226 388 3332 tmepore
416 3257 476 3318 bus
492 3264 605 3318 autem
622 3257 679 3338 qui
695 3257 902 3320 hortationes
919 3257 1072 3333 Nostras,
1087 3256 1160 3338 ipsa
1183 3256 1329 3337 auspice,
1345 3265 1427 3320 sunt
1442 3275 1510 3320 con·

414 3359 528 3436 secuti,
540 3358 679 3441 dignum
694 3369 743 3423 est
754 3363 843 3442 quod
857 3379 1170 3437 commemoremus,
1182 3358 1356 3441 perampla
1369 3358 1511 3442 religioni

414 3462 629 3525 sacratissimi
657 3462 728 3526 eius
755 3463 895 3526 Rosarii
905 3462 1006 3528 allata
1034 3482 1107 3525 esse
1135 3461 1463 3541 incrementa;banc
1484 3461 1510 3522 in

415 3586 483 3628 rem
500 3565 665 3630 sodalitiis
681 3585 815 3649 quoque
840 3569 971 3650 piorum
996 3587 1063 3650 qua
1089 3566 1196 3630 auctis
1220 3586 1288 3648 qua
1318 3563 1511 3639 constitutis,

415 3670 548 3752 scriptis
564 3671 663 3734 docte
673 3680 929 3754 opportuneque
957 3672 990 3734 in
1015 3669 1136 3754 vulgus
1152 3670 1261 3748 editis,
1288 3667 1371 3750 ipsis
1388 3669 1510 3750 elegan-

348 3851 353 3863 .
416 3774 539 3838 tiorum
556 3776 677 3838 artium
709 3774 925 3839 nobilissimis
948 3775 1155 3840 ornamentis
1180 3773 1336 3838 inductis.
1362 3772 1511 3836 -Nunc

236 3920 290 3980 jam
299 3851 390 3966 ,w
418 3899 494 3942 vero
510 3879 648 3962 perinde
665 3879 747 3944 acsi
763 3879 918 3943 eamdem
944 3879 1209 3954 studiosissimae
1227 3878 1348 3942 Matris
1375 3877 1511 3958 excipia-

239 4000 294 4032 Μ
304 3983 390 4062 halese
418 4003 492 4048 mus
511 4003 638 4061 vocem,
654 4002 720 4066 qua
736 3993 863 4066 urgeat,
882 3982 1007 4061 Clamo,
1023 4003 1061 4045 ne
1090 4001 1196 4056 cesses,
1209 3999 1321 4044 rursus
1334 3979 1378 4044 de
1395 3973 1511 4042 mariali

240 4049 387 4164 millfflrlss'.
419 4085 562 4150 Rosario
578 4107 638 4150 vos
660 4085 785 4168 alloqui
818 4085 908 4163 libet,
923 4085 1143 4150 Venerabiles
1172 4085 1315 4162 Fratres,
1341 4089 1511 4166 appetente

240 4181 314 4229 ⁸⁶⁸³·
417 4192 546 4256 octobri
560 4214 568 4271 ;
584 4212 684 4275 quem
703 4211 852 4257 mensem
870 4213 944 4256 esse
960 4193 990 4255 ei
1000 4190 1170 4268 devotum,
1186 4189 1425 4272 acceptissimo
1437 4188 1510 4250 eius·

418 4299 496 4362 dem
515 4297 646 4363 Rosarii
669 4301 743 4377 ritu,
759 4297 960 4376 censuimus,
984 4296 1119 4362 tributis
1135 4305 1262 4377 ,sacrae
1293 4290 1510 4390 indulgentiae
