3222 4888
388 281 404 329 a
412 279 455 350 52
486 281 603 334 urrsr.
625 283 784 336 encres.
806 273 827 302 ‘⁸
847 286 1047 339 cnmrnrrs
1073 289 1453 354 raovroarrrrasoue
1473 267 1491 294 '¹

384 429 494 495 debet.
521 431 671 496 Ecclesia
700 435 789 498 enim
817 437 993 515 catholica,
1021 443 1110 521 quod
1128 440 1294 524 principio
1317 442 1493 505 docuimus

383 535 602 617 quotidieque
618 537 755 616 eminet,
772 541 818 602 sic
835 549 916 604 nata
932 541 1155 625 institutaque
1172 551 1232 621 est,
1247 553 1286 608 ut
1301 545 1493 608 civitatibus

384 649 418 700 et
448 639 591 720 populis,
622 642 704 705 nihil
736 645 922 709 admodum
963 647 1168 726 detrimenti,
1195 649 1253 712 sed
1288 647 1493 730 multiplices

384 760 463 805 vero
483 755 516 806 et
542 745 681 808 decoras
707 745 879 826 utilitates,
904 749 936 810 in
963 768 1071 812 rerum
1098 751 1200 814 etiam
1229 750 1422 814 mortalium
1439 769 1493 832 ge-

385 863 473 925 nere,
489 868 660 931 nunquam
677 870 744 914 non
762 852 870 933 pariat
888 851 1038 918 feliciter.

256 967 286 1004 20
299 958 360 1007 [uos
428 950 500 1014 Vos
516 952 709 1036 deinde·qui
727 957 760 1018 in
776 957 907 1021 ditione
921 959 1001 1022 estis
1014 959 1148 1022 inclitae
1170 959 1301 1022 Domus
1320 957 1493 1022 Habsbur-

237 1025 362 1138 Am?
384 1053 507 1132 gensis,
522 1067 677 1137 reputate
692 1060 814 1121 animis
829 1070 994 1142 quantum
1012 1071 1158 1144 augusto
1183 1063 1396 1144 Imperatori,
1420 1061 1493 1124 reli-

207 1167 264 1265 εἴ
281 1155 359 1281 5:225
385 1155 493 1236 gionis
509 1160 621 1222 avitae
637 1161 892 1242 studiosissimo,
908 1165 1069 1228 debeatis.
1096 1165 1189 1228 lusta
1216 1165 1317 1248 igitur
1342 1166 1375 1228 in
1405 1163 1492 1227 Eum

231 1290 294 1332 mm
305 1285 360 1333 hor.
386 1257 468 1323 fides
484 1274 684 1346 gratumque
700 1267 898 1350 obsequium
915 1268 1116 1334 luculentius
1141 1291 1160 1331 a
1177 1270 1272 1332 vobis
1287 1270 1321 1332 in
1338 1271 1411 1333 dies
1435 1289 1493 1352 pa-

248 1355 321 1398 latur
331 1357 361 1398 ut

208 1413 310 1478 Impera
311 1418 363 1464 art
386 1369 456 1424 teat
475 1373 611 1445 :pateat
628 1367 776 1431 studium
794 1388 860 1431 non
875 1370 1051 1434 ‘dissimile
1075 1389 1114 1434 ea
1131 1370 1351 1454 persequendi
1369 1372 1493 1444 omnia,

231 1488 362 1542 praestant
386 1484 472 1545 quae
488 1467 530 1530 ad
548 1469 733 1534 catholicae
758 1469 928 1554 religionis
955 1475 1222 1539 incolumitatem
1251 1485 1285 1538 et
1309 1476 1412 1538 decus
1439 1471 1491 1536 vel

225 1545 359 1672 {15:22⁰ss
386 1568 452 1630 iarn
469 1583 547 1635 sunt
559 1577 687 1656 optime
703 1577 886 1642 constituta
901 1579 954 1642 vel
970 1588 1125 1661 tempora
1141 1591 1174 1644 et
1191 1601 1242 1643 res
1257 1579 1398 1662 provide
1414 1597 1492 1640 con·

231 1677 361 1752 fatagimus
386 1673 555 1739 stituenda
570 1680 742 1742 suadeant.
758 1717 802 1730 -
833 1681 1098 1746 Universitatem
1115 1682 1384 1758 cracoviensem,
1399 1692 1491 1744 vetu-

218 1742 359 1870 ,zmil
385 1785 472 1840 stam
501 1789 603 1862 atque
630 1782 776 1846 nobilem
800 1785 1027 1849 doctrinarum
1056 1788 1180 1863 sedem,
1205 1787 1303 1851 valde
1334 1795 1494 1866 optamus

209 1880 357 1934 sequantur.
385 1881 612 1963 integritatem
626 1893 659 1949 et
675 1889 913 1967 praestantiam
931 1891 1015 1952 tueri
1029 1909 1133 1969 suam,
1149 1900 1251 1974 atque
1263 1891 1365 1954 etiam
1379 1907 1492 1952 aernu-

240 1985 357 2062 ΙΠηίνεν-
384 1983 444 2046 lari
454 1985 570 2050 laudes
582 1989 700 2053 talium
712 1990 982 2070 Academiarum,
999 2014 1082 2076 quas
1095 1995 1234 2078 insignis
1245 1993 1491 2076 Episcoporum

220 2054 359 2166 ”52ssssss
385 2108 463 2151 cura
475 2100 509 2154 et
526 2090 706 2156 liberalitas
722 2095 929 2176 privatorum
948 2117 1014 2160 non
1028 2118 1162 2178 paucas,
1172 2095 1363 2168 faventibus
1375 2094 1492 2168 Nobis,

235 2191 358 2298 ”mxi
385 2213 443 2275 per
459 2194 541 2258 haec
551 2198 623 2279 ipsa
640 2208 793 2281 tempora
809 2201 979 2264 excitavit.
998 2201 1297 2284 Quemadmodum
1309 2199 1341 2262 in
1359 2198 1433 2272 illis,
1446 2197 1493 2260 ita

211 2321 323 2364 tuemur.
385 2295 418 2356 in
435 2305 553 2373 vestra,
569 2298 716 2361 sollertia
732 2300 844 2362 dilecti
873 2301 948 2364 Filii
973 2301 1088 2364 Nostri
1113 2301 1301 2366 Cardinalis
1329 2297 1491 2381 Episcopi

386 2396 590 2472 moderante,
606 2399 822 2479 gravissimae
838 2421 992 2482 quaeque
1009 2401 1205 2480 disciplinae
1215 2421 1291 2464 curn
1305 2398 1372 2464 fide
1384 2399 1494 2461 amico

384 2494 518 2562 foedere
533 2508 700 2580 coeuntes,
716 2515 758 2579 et,
774 2513 936 2586 quantum
954 2506 998 2567 ab
1014 2526 1053 2569 ea
1081 2505 1215 2568 luminis
1242 2513 1438 2568 mutuantur
1458 2513 1492 2564 et

385 2599 560 2682 firmitatis,
576 2615 707 2671 tantum
721 2609 860 2672 subsidii
877 2609 919 2672 ad
934 2609 1039 2692 ipsius
1055 2609 1287 2673 defensionem
1305 2607 1492 2680 referentes,

385 2705 513 2770 utinam
546 2709 710 2773 iuventuti
742 2710 942 2775 lectissimae
967 2714 1076 2794 magis
1108 2713 1282 2794 magisque
1314 2711 1347 2774 in
1380 2719 1493 2791 partes
1588 2737 1589 2784 1

384 2829 501 2874 omnes
513 2814 580 2878 sint
597 2815 796 2896 profuturae.
809 2855 852 2865 —
867 2819 952 2880 ltem
965 2829 1076 2881 vestra
1089 2816 1202 2899 magni
1212 2816 1372 2878 interesse
1384 2815 1493 2886 debet,

385 2913 511 2980 Nostra
527 2929 615 2982 certe
631 2919 770 2984 interest
788 2922 946 2996 maxime,
962 2923 1075 3002 vigere
1090 2919 1181 3003 apud
1213 2939 1273 2984 vos
1290 2919 1324 2982 in
1341 2919 1492 2982 omnium

252 3035 359 3086 Ordines
385 3020 636 3085 existimatione
665 3023 799 3086 ordines
830 3023 1101 3108 Religiosorum:
1140 3025 1207 3107 qui,
1233 3023 1367 3086 virtutis
1390 3041 1492 3104 quam

234 3101 358 3163 nogrom-
384 3135 621 3189 consectantur
636 3127 841 3207 perfectione
856 3138 890 3192 et
906 3130 1060 3192 doctrina
1076 3129 1169 3192 varia
1196 3125 1434 3207 fructuosoque
1460 3125 1493 3186 in

206 3183 275 3226 rrrm,
297 3170 358 3216 civi·

248 3233 358 3310 tatiflnon
384 3227 417 3289 in
434 3228 629 3292 excolendis
646 3230 765 3294 animis
781 3230 896 3294 labore
910 3231 1148 3308 commendati,
1164 3241 1340 3312 tamquam
1354 3247 1493 3310 appara-

221 3315 359 3425 quami
385 3332 485 3394 tiores
501 3334 618 3415 copiae
629 3343 763 3416 praesto
778 3344 857 3398 sunt
875 3335 1056 3412 Ecclesiae,
1073 3337 1188 3417 eisque
1204 3353 1272 3397 non
1290 3334 1401 3396 minus
1417 3330 1493 3395 civi-

207 3429 358 3478 ‘l‘ss'm‘i
385 3445 436 3498 tas
468 3437 510 3498 ad
541 3437 778 3502 honestissima
806 3459 961 3522 quaeque
992 3439 1203 3503 adiutoribus
1233 3437 1373 3519 optimis
1403 3437 1494 3498 omni

227 3493 359 3608 Ιῖἑὲἧῖιῖἷῖᾖ
385 3546 537 3618 tempore
573 3557 633 3602 usa
663 3547 722 3603 est.
754 3539 1034 3622 Nominatimque
1063 3539 1228 3604 Galiciam
1271 3537 1495 3618 respicientes,
1587 3535 1588 3540 ’

209 3623 358 3740 numiui
385 3663 516 3706 summa
528 3646 702 3709 voluntate
718 3649 954 3729 perantiquum
968 3663 1273 3710 commemoramus
1287 3643 1493 3706 Basilianum
1587 3695 1588 3702 ,

291 3773 356 3816 nem,
384 3748 547 3826 ordinem,
562 3748 595 3811 in
612 3769 679 3830 quo
692 3749 911 3814 instaurando
929 3749 1110 3831 peculiaria
1127 3749 1294 3832 quaedam
1307 3745 1446 3812 consilia
1459 3753 1492 3808 et

240 3819 361 3936 {xlm
385 3869 480 3912 curas
497 3852 695 3931 iampridem
714 3852 783 3934 Ipsi
807 3854 988 3936 posuimus.
1007 3851 1085 3917 Non
1103 3853 1306 3916 mediocrem
1323 3849 1494 3913 enimvero

189 3949 258 4000 uae.
385 3955 533 4018 laetitiae
563 3953 707 4019 fructum
739 3957 817 4019 ideo
853 3957 1016 4039 capimus,
1046 3958 1137 4039 quod
1168 3955 1402 4036 expectationi
1438 3951 1491 4014 ille

386 4057 530 4121 Nostrae
545 4059 644 4121 alacri
658 4059 817 4140 religione
828 4059 1071 4137 obsecundans,
1083 4059 1200 4122 nititur
1212 4057 1315 4141 pleno
1328 4055 1434 4138 gradu
1449 4055 1489 4116 ad

384 4161 592 4241 superiorum
616 4169 806 4242 temporum
833 4163 984 4246 gloriam,
1010 4182 1112 4246 quum
1138 4160 1297 4226 ecclesiae
1315 4159 1492 4223 Ruthenae

386 4263 499 4326 multis
511 4264 618 4328 modis
631 4265 746 4329 extitit
758 4265 923 4330 salutaris:
936 4267 1030 4329 cuius
1043 4265 1193 4329 eiusdem
1207 4261 1325 4326 salutis
1335 4261 1489 4343 auspicia,
