3222 4888
117 450 128 561 31
503 451 845 532 EplsTOLA-

118 624 128 709 Ξ
226 640 284 699 Ad
308 641 534 713 Episcopum
563 637 807 698 Leodiensem
831 636 878 694 de
900 634 1100 708 opificibus

550 799 769 858 sollicitum.
797 867 801 872 ,

317 1315 563 1378 dissensionum
581 1313 721 1394 vestigia
736 1333 824 1394 quae
840 1313 930 1393 apud
957 1332 1016 1375 vos
1044 1317 1218 1392 apparent,
1315 1341 1395 1389 Testa-

107 1425 295 1496 mli
318 1418 530 1500 potissimum
558 1418 694 1500 quidem
721 1417 754 1478 in
774 1415 954 1480 Leodiensi
984 1415 1049 1478 ista
1065 1413 1220 1492 dioecesi,
1237 1407 1388 1536 Jctgssffli·

107 1540 263 1602 quaeque
279 1521 312 1583 in
337 1521 445 1583 varias
462 1521 554 1583 velut
570 1520 658 1582 acies
684 1521 842 1583 videntur
872 1519 1003 1580 animos
1034 1515 1219 1579 distrahere
1243 1537 1364 1601 deoppor-

107 1643 226 1688 eorum
243 1626 299 1705 qui
324 1625 366 1686 de
393 1625 587 1686 conditione
618 1622 777 1704 opificum
805 1621 1005 1704 disquirunt.
1022 1618 1108 1684 Cum
1140 1638 1219 1682 vero
1245 1603 1398 1718 :2²¹3AEss

109 1727 280 1789 neminem
299 1727 403 1790 lateat
419 1728 535 1808 quanti
553 1727 673 1809 cuique
689 1727 877 1810 disputanti
900 1723 1030 1800 referat,
1047 1724 1079 1785 in
1103 1721 1218 1806 primis
1247 1734 1277 1781 ab
1289 1733 1389 1798 Episco-

108 1847 152 1892 ea
167 1830 271 1912 probe
294 1849 431 1892 noscere
458 1849 544 1912 quae
566 1832 597 1892 in
622 1849 656 1892 re
672 1832 758 1893 adeo
774 1831 867 1912 gravi
884 1827 1034 1891 sentiunt
1065 1826 1112 1888 illi
1135 1846 1220 1908 quos
1242 1799 1401 1926 {fflfflf

110 1935 258 2019 Spiritus
275 1947 411 2001 sanctus
438 1939 550 2019 posuit
567 1957 681 2019 regere
700 1937 886 2000 Ecclesiam
905 1936 979 2012 Dei,
995 1954 1076 1996 sane
1100 1943 1220 2015 optan-
1247 1929 1399 2007 dedissrun

110 2040 195 2102 dum
213 2039 294 2102 illud
312 2050 393 2117 erat,
408 2041 499 2122 quod
517 2053 553 2104 tu
571 2061 675 2122 nuper
691 2041 888 2122 praestitisti
905 2059 964 2120 per
980 2037 1159 2118 epistolam
1176 2036 1218 2097 ad
1247 1997 1398 2109 mm

108 2142 237 2205 clerum
254 2151 287 2206 et
303 2143 465 2225 populum
482 2145 543 2206 tibi
560 2144 704 2207 creditos
720 2165 740 2207 a
756 2153 789 2207 te
801 2145 926 2206 datam.
944 2141 1104 2204 Libenter
1120 2140 1221 2220 igitur
1247 2126 1340 2243 me
1359 2144 1398 2175 ⁰⁷·

109 2245 303 2328 accepimus
334 2247 518 2330 exemplar,
542 2249 632 2330 quod
664 2249 707 2311 ad
726 2247 797 2310 Nos
829 2247 1058 2310 transmittere
1089 2243 1222 2318 curasti,

110 2346 191 2408 novi
207 2347 305 2409 huius
321 2347 514 2428 speciminis
531 2347 592 2408 zeli
607 2356 640 2410 et
666 2347 843 2429 pastoralis
871 2344 1106 2409 sollicitudinis
1134 2354 1221 2419 tuae,

109 2469 151 2510 ac
168 2447 277 2513 iacere
294 2470 360 2512 non
379 2469 558 2533 possumus
574 2451 655 2533 quin
683 2451 802 2514 merita
817 2447 995 2513 efferamus
1027 2449 1126 2510 laude
1152 2457 1221 2510 stu-

109 2553 217 2630 dium,
236 2575 303 2636 quo
320 2553 436 2618 fideles
449 2575 605 2618 revocare
625 2557 802 2619 contendis
819 2556 861 2618 ad
879 2554 1068 2617 animorum
1083 2553 1221 2616 coniun-

110 2657 269 2723 ctionem.
281 2659 459 2742 Perspecta
469 2660 606 2741 quidem
620 2659 652 2722 N
656 2661 728 2724 obis
740 2671 812 2724 erat
823 2658 1003 2740 prudentia
1019 2667 1087 2734 tua,
1103 2657 1221 2738 explo-
1294 2663 1399 2710 Praesu-

108 2773 271 2846 ratusque
287 2766 407 2827 modus
423 2785 491 2847 quo
511 2775 600 2828 recte
623 2766 667 2828 de
684 2766 827 2848 negotiis
852 2763 1060 2846 gravioribus
1076 2763 1224 2826 iudicare
1249 2729 1399 2787 lemraudar,

108 2865 221 2944 soles;
238 2875 413 2946 utrumque
431 2887 510 2932 vero
526 2869 713 2949 gaudemus
730 2869 860 2932 clariori
878 2887 966 2931 nunc
983 2865 1221 2930 circumfusum

109 2991 186 3035 esse
205 2971 299 3050 luce;
315 2972 458 3056 ideoque
477 2975 666 3038 mirandum
685 2995 752 3037 non
771 2983 822 3036 est
842 2975 931 3056 quod
951 2971 1059 3036 Nobis
1084 2973 1221 3036 nuncia-

109 3085 186 3137 tum
204 3075 275 3150 luit,
291 3076 382 3158 quod
399 3088 626 3158 opportunam
641 3077 768 3140 scilicet
784 3076 862 3138 huic
878 3075 1021 3158 tempori
1034 3075 1222 3139 conclama·

110 3180 222 3243 verint
253 3181 430 3262 epistolam
456 3193 550 3246 tuam
567 3202 685 3246 omnes
702 3182 771 3245 iere
798 3182 845 3244 illi
870 3183 925 3263 qui
957 3181 1000 3243 de
1031 3181 1225 3244 conditione

110 3283 272 3365 opificum
290 3283 381 3368 apud
397 3305 457 3349 vos
474 3288 658 3369 disputant,
675 3288 834 3369 quodque
850 3286 1085 3367 acceptissima
1105 3288 1224 3349 eadem

122 1126 141 1156 ‘t
295 1121 347 1171 oN
365 1106 446 1170 levis
463 1106 685 1169 obiiciebatur
712 1107 826 1168 animo
845 1103 971 1168 Nostro
986 1103 1091 1180 dolor,
1108 1123 1216 1184 neque
1283 1113 1347 1214 FZpB

105 1121 295 1422 W}
317 1213 420 1274 anxia
444 1212 559 1273 deerat
576 1209 684 1274 Nobis
715 1209 907 1272 sollicitudo
938 1207 1217 1291 perspicientibus
1279 1204 1354 1288 1894:

111 3397 132 3461 s
131 3400 215 3462 uerit
225 3401 292 3463 tuis
305 3403 501 3484 praesertim
519 3403 551 3464 in
566 3403 763 3485 episcopatu
778 3403 944 3478 iratribus,
959 3422 1043 3484 quos
1054 3422 1121 3464 una
1132 3411 1225 3466 tenet

113 3503 307 3567 sollicitudo
323 3505 365 3567 de
381 3505 473 3569 bono
491 3505 635 3588 Belgicis
660 3507 885 3589 procurando,
912 3505 1006 3569 Haec
1024 3513 1123 3587 porro
1138 3525 1225 3587 quae

113 3603 223 3668 Nobis
241 3609 398 3671 nunciata
412 3619 490 3672 sunt
506 3629 602 3691 spem
621 3608 780 3674 Nostram
813 3609 927 3673 fovent
960 3618 996 3671 ut
1027 3629 1113 3690 opus
1128 3617 1223 3672 tuum

112 3719 251 3790 optatos
267 3710 390 3774 habeat
406 3723 546 3775 eventus
561 3734 568 3790 ;
584 3735 645 3796 pro
660 3726 752 3778 certo
780 3715 868 3777 enim
887 3713 1049 3776 habemus
1075 3713 1142 3776 iam
1168 3733 1223 3777 ne·
1250 3737 1351 3797 ovesque¹
1362 3721 1400 3785 ip·

115 3815 241 3876 minem
258 3815 445 3878 extiturum
463 3817 530 3897 qui,
547 3817 742 3881 Pastoribus
764 3816 979 3881 monentibus
995 3837 1034 3878 ac
1050 3816 1222 3898 dirigenti·
1250 3788 1405 3903 mm,

113 3916 187 3993 bus,
215 3917 247 3979 in
279 3919 446 3982 contraria
477 3919 569 3982 abire
606 3923 798 3985 contendat.
826 3919 879 3984 Tu
911 3940 998 3996 vero,
1013 3919 1224 3982 Venerabilis
1249 3919 1406 3995 obscurum

116 4019 243 4098 Frater,
260 4041 302 4084 ne
318 4021 516 4086 deterrearis
532 4023 797 4101 difficultatibus,
812 4026 935 4107 quibus
952 4033 1060 4087 scatet
1075 4023 1223 4087 officium
1249 3983 1404 4099 ‘mfidilium

113 4124 308 4206 episcopale
318 4126 381 4189 hac
399 4137 512 4192 nostra
528 4131 725 4210 praesertim
743 4139 863 4203 aetate,
875 4148 982 4210 neque
1000 4129 1224 4192 recedendum
1251 4115 1404 4230 ffl'lffi

113 4237 213 4311 putes
230 4249 250 4291 a
265 4229 415 4307 consilio,
434 4233 525 4314 quod
543 4233 713 4316 perlucide
736 4233 803 4297 iam
835 4255 936 4315 saepe
963 4243 1155 4314 exequutus
1181 4253 1226 4310 es,
1251 4247 1398 4296 docummra
