3216 4880
375 251 446 339 284
534 270 715 324 arisrocn
742 273 975 324 nrosrocici
1003 262 1023 290 ‘⁴
1044 275 1274 325 annuemus.
1297 251 1314 278 ’¹

196 431 335 508 considerat
376 423 475 506 longe
500 425 668 488 intuemur
694 423 802 506 qualis
826 433 914 488 esset
941 445 1050 488 rerum
1078 426 1162 488 ordo
1178 425 1210 486 in
1228 424 1324 487 terris
1341 423 1471 498 futurus,

197 497 351 626 qum&
377 528 645 610 necquidquam
674 528 827 591 novimus
855 529 1131 610 consequentium
1148 529 1313 592 bonorum
1330 536 1471 591 contem·

197 629 351 742 dlflmij:
376 620 523 714 piatione
539 631 724 696 iucundius.
741 632 840 713 Fingi
857 633 915 694 vix
932 633 1045 696 anirno
1061 641 1182 713 potest,
1197 643 1345 714 quantus
1357 631 1472 712 ubique

194 709 349 825 pssssv'ssziu‘ssa
374 737 525 817 gentium
553 745 690 818 repente
717 735 802 800 foret
828 739 871 800 ad
898 755 1033 800 ornnem
1061 737 1298 801 excellentiam
1316 736 1473 818 prosperi·

197 823 349 952 '‘⁸2²2‘lf225}
374 849 547 922 tatemque
573 861 696 917 cursus,
721 841 903 904 constituta
927 841 1171 922 tranquillitate
1187 851 1221 905 et
1236 843 1317 917 otio,
1333 839 1474 904 incitatis

246 955 351 1030 recurris
375 945 417 1008 ad
434 945 641 1009 incrementa
658 945 786 1020 litteris,
802 947 947 1009 conditis
964 947 1099 1029 insuper
1109 946 1284 1028 auctisque
1294 945 1473 1008 christiano

193 1020 326 1082 gentibus:
360 1065 477 1122 more,
492 1045 676 1110 secundum
693 1048 899 1129 praescripta
916 1046 1051 1124 Nostra,
1067 1046 1301 1128 agricolarum,
1311 1045 1475 1128 opificum,

375 1149 613 1212 industriorum
630 1151 947 1226 consociationibus,
964 1171 1105 1232 quarum
1121 1171 1186 1233 ope
1202 1159 1236 1213 et
1253 1170 1360 1214 vorax
1376 1151 1473 1233 repri-

375 1263 485 1320 matur
502 1273 609 1331 usura,
625 1263 660 1316 et
676 1253 807 1318 utilium
824 1253 978 1318 laborum
995 1275 1135 1337 campus
1152 1257 1319 1319 dilatetur.

256 1387 349 1435 wrm.
419 1355 571 1439 Quorum
589 1359 638 1420 vis
654 1356 900 1436 beneficiorum,
912 1358 1136 1421 humanarum
1153 1369 1254 1441 atque
1264 1359 1474 1422 excultarum

197 1452 350 1566 domm·
374 1463 524 1546 gentium
552 1481 764 1543 nequaquam
792 1463 1042 1544 circumscripta
1068 1460 1198 1532 linibus.
1221 1463 1321 1544 longe
1337 1462 1476 1543 iateque,

213 1584 351 1646 nitarisque
377 1566 467 1630 velut
483 1565 791 1630 abundantissimus
808 1569 926 1644 amnis,
938 1567 1107 1631 deflueret.
1127 1567 1215 1630 iilud
1232 1567 1321 1629 enirn
1338 1577 1390 1630 est
1402 1586 1475 1630 cou-

196 1649 354 1762 Ιᾜίζξᾶζζζ
376 1671 599 1746 siderandum,
626 1671 716 1752 quod
742 1669 839 1733 initio
865 1671 1024 1747 diximus,
1040 1679 1159 1753 gentes
1176 1670 1391 1734 multitudine
1407 1669 1476 1733 inii-

249 1785 351 1826 remotos
376 1775 463 1838 nitas
490 1773 584 1855 plura
601 1775 667 1836 iam
684 1775 817 1836 saecula
832 1785 865 1837 et
882 1784 1009 1838 aetates
1025 1775 1230 1856 praestolari,
1245 1795 1265 1838 a
1282 1795 1351 1856 quo
1365 1775 1475 1838 iumen

197 1843 348 1908 diffundere·
434 1879 441 1893 .
498 1879 505 1891 .
670 1879 676 1892 .
734 1878 741 1893 .
904 1880 911 1893 .
941 1879 948 1894 .
1350 1881 1358 1894 .

221 1915 348 1972 iurpopu-
374 1888 523 1942 veritatis
539 1877 826 1959 humanitatisque
843 1889 1019 1960 accipiant.
1035 1878 1146 1958 Certe,
1162 1881 1253 1962 quod
1271 1889 1419 1962 pertinet
1435 1878 1475 1942 ad

214 1975 348 2088 lam
375 1983 615 2063 sempiternam
641 1979 843 2064 populorum
860 1983 1014 2062 salutem,
1030 1993 1186 2048 aeternae
1203 1985 1326 2047 mentis
1338 1984 1475 2047 consilia

198 2107 350 2154 rnrnrmaex
375 2087 569 2169 longissime
594 2095 673 2149 sunt
698 2086 741 2148 ab
757 2085 931 2150 hominurn
950 2087 1173 2170 intelligentia
1190 2098 1338 2154 remota:
1357 2087 1476 2152 nihilo·

197 2171 348 2284 W&
376 2192 486 2255 minus
510 2191 538 2254 si
566 2211 624 2272 per
640 2191 747 2254 varias
763 2200 926 2254 terrarum
944 2193 1063 2274 plagas
1078 2193 1148 2256 tani
1165 2202 1215 2257 est
1232 2192 1342 2256 adhuc
1358 2192 1475 2256 infelix

215 2303 269 2349 culo
282 2301 352 2350 XVI
375 2296 570 2379 superstitio
597 2293 728 2373 diffusa,
753 2295 786 2358 id
812 2315 878 2360 non
904 2296 1044 2360 minima
1060 2317 1104 2361 ex
1122 2307 1216 2380 parte
1230 2297 1313 2360 vitio
1328 2298 1476 2360 dandum

199 2373 261 2415 Μ’
375 2400 519 2464 subortis
535 2398 578 2463 de
594 2399 754 2480 religione
764 2401 919 2464 dissidiis.
935 2401 1035 2479 Nam,
1047 2411 1211 2484 quantum
1225 2400 1314 2464 vaiet
1327 2401 1477 2465 mortalis

374 2505 460 2568 ratio
493 2525 538 2568 ex
578 2523 687 2568 rerum
725 2505 853 2568 eventis
888 2505 1091 2582 existimare,
1123 2505 1186 2569 hoc
1217 2504 1318 2588 piane
1348 2505 1478 2570 videtur

376 2610 532 2692 Europae
548 2629 668 2672 munus
684 2611 893 2692 assignatum
910 2630 929 2673 a
947 2609 1030 2688 Deo,
1047 2617 1083 2673 ut
1099 2609 1314 2674 christianam
1328 2610 1477 2690 gentium
1498 2680 1501 2692 Ι

373 2714 618 2777 humanitatem
645 2714 687 2776 ad
711 2733 830 2777 omnes
846 2726 951 2778 terras
963 2714 1087 2778 sensim
1104 2715 1257 2796 perferat.
1274 2713 1379 2779 Cuius
1395 2713 1477 2777 tanti

374 2817 486 2898 operis
521 2817 616 2880 initia
651 2837 924 2900 progressusque,
959 2819 1167 2900 superiorum
1199 2828 1350 2882 aetatum
1382 2825 1476 2899 parta

375 2921 554 2998 laboribus,
580 2920 622 2984 ad
647 2920 734 2985 laeta
759 2923 965 2985 incrementa
992 2922 1226 3004 properabant,
1248 2941 1324 2984 curn
1342 2931 1478 3004 repente

375 3021 542 3086 discordia
557 3022 690 3084 saeculo
706 3034 771 3084 XVI
782 3020 989 3102 deflagravit.
1003 3022 1181 3104 Discerpto
1193 3021 1478 3102 disputationibus

374 3127 587 3208 dissidiisque
604 3126 942 3204 nominechristiano,
954 3127 1147 3191 extenuatis
1162 3127 1318 3206 Europae
1330 3145 1390 3208 per
1401 3143 1477 3189 con·

374 3232 542 3296 tentiones
566 3238 600 3292 et
627 3229 714 3292 beila
737 3230 872 3307 viribus,
890 3229 1056 3294 funestam
1074 3241 1264 3311 temporum
1282 3230 1349 3292 vim
1365 3247 1478 3291 sacrae

374 3335 610 3419 expeditiones
637 3353 778 3398 sensere.
803 3334 1031 3399 insidentibus
1047 3337 1234 3400 discordiae
1250 3333 1385 3411 caussis,
1400 3331 1477 3416 quid

375 3443 495 3505 mirum
523 3440 551 3502 si
578 3448 649 3502 tam
676 3457 798 3520 magna
822 3461 899 3520 pars
916 3439 1108 3502 mortalium
1126 3439 1273 3502 moribus
1289 3437 1478 3501 inhumanis

240 3588 349 3636 Resiiiu-
375 3557 408 3610 et
438 3547 569 3610 vesanis
595 3545 715 3609 ritibus
741 3545 904 3626 implicita
929 3551 1092 3617 tenetur?
1119 3545 1248 3610 Oinnes
1276 3545 1379 3628 igitur
1407 3543 1475 3626 pari

198 3653 274 3728 enda?
295 3669 349 3700 con·
375 3651 487 3714 studio
511 3649 630 3712 demus
658 3669 795 3729 operam
821 3659 855 3711 ut
879 3651 1058 3712 concordia
1074 3659 1178 3724 vetus,
1195 3647 1384 3710 communis
1399 3645 1476 3710 boni

200 3719 352 3832 mmai}
375 3757 502 3829 caussa
518 3753 720 3816 restituatur.
737 3750 911 3813 Eiusmodi
924 3751 1191 3814 reconciliandae
1201 3749 1409 3822 concordiae,
1421 3767 1477 3828 pa-

199 3849 348 3961 iaqpropa·
376 3859 520 3940 riterque
544 3854 714 3919 beneficiis
729 3853 930 3918 christianae
946 3856 1132 3936 sapientiae
1154 3855 1221 3918 iate
1238 3851 1476 3935 propagandis,

196 3922 350 4044 {3715}ssss
376 3968 566 4040 opportuna
591 3958 740 4020 maxime
762 3955 870 4020 fluunt
887 3968 1048 4040 tempora,
1064 3967 1239 4039 propterea
1255 3957 1346 4039 quod
1362 3956 1475 4018 huma·

210 4045 351 4160 ,η’ζζζαὲἶζζ
377 4085 438 4128 nae
455 4063 671 4128 fraternitatis
687 4083 785 4127 sensa
801 4083 973 4146 nunquam
989 4063 1091 4126 altius
1108 4064 1140 4126 in
1153 4064 1283 4127 animos
1296 4051 1475 4145 pe'rvasere,

197 4185 268 4242 pora.
378 4186 484 4248 neque
511 4165 579 4229 uiia
605 4176 715 4229 aetate
740 4165 830 4228 visus
855 4166 957 4230 hoino
973 4167 1023 4229 sui
1038 4165 1174 4244 similes,
1190 4167 1351 4231 noscendi
1367 4165 1473 4248 opitu·

377 4271 536 4352 laudique
563 4274 689 4346 caussa,
713 4270 893 4333 studiosius
910 4273 1092 4353 anquirere.
1111 4271 1298 4335 iinmensos
1315 4282 1471 4334 terrarum
