3222 4888
400 221 473 306 264
661 235 843 287 uersuoun
872 223 1031 286 “1uruu
1058 237 1214 287 ouuvus.
1234 213 1254 240 '’

398 394 476 450 ante
492 385 653 468 populum
670 405 776 461 suurn,
786 395 823 446 ut
837 385 1022 447 custodiant
1036 385 1248 448 illuminata
1265 385 1317 468 (¹),
1326 405 1366 448 ac
1380 384 1502 453 medios

398 508 456 572 per
482 489 595 552 hostes
623 487 832 552 introducant
857 487 892 548 iu
917 488 1019 550 lacum
1044 509 1140 570 quem
1161 488 1309 572 parauit,
1335 489 1500 552 civitatem

398 601 549 656 sanctam
568 591 789 670 Hierusalem,
797 601 957 674 paratam
974 593 1116 656 revelari
1139 593 1174 654 iu
1199 593 1289 656 nabis
1315 593 1349 655 in
1372 603 1502 674 tempore

399 696 574 788 navusimo
604 696 655 780 (²).
685 695 784 758 Haeo
811 715 915 778 quum
947 696 994 760 ita
1026 697 1103 774 sint,
1128 697 1258 774 videtis
1286 695 1502 761 Venerabiles

400 801 541 880 Fratres,
557 809 683 883 quanta
699 799 795 863 vobis
811 799 976 863 industria
992 800 1036 862 sit
1052 819 1138 881 opus
1155 801 1189 863 in
1217 799 1411 863 curionibus
1426 798 1502 861 deli-

398 905 526 988 gendis,
541 913 669 986 quanta
684 923 855 986 quamque
881 903 1015 967 assidua
1042 903 1218 986 vigilantia
1242 904 1285 967 ad
1311 903 1450 966 eosdem
1473 903 1502 964 in

275 1019 375 1093 usquc}
399 1007 509 1072 officio
524 1007 753 1071 continendos.
772 1005 939 1070 Homines
955 1027 1027 1069 esse
1043 1007 1128 1070 tales
1145 1025 1279 1068 necesse
1306 1014 1367 1082 est,
1386 1004 1505 1084 quibus

253 1085 378 1132 deucrous
400 1131 439 1174 ea
456 1110 594 1174 Domini
622 1119 830 1191 congruant:
855 1109 918 1174 Vas
943 1111 1021 1172 estis
1046 1111 1106 1172 lux
1132 1109 1257 1186 rutundi,
1273 1129 1330 1173 aas
1356 1108 1436 1171 estas
1458 1105 1509 1169 sul

225 1149 377 1198 demandan-

225 1216 295 1274 tunc,
399 1226 504 1278 terrac
519 1213 562 1296 (s)
579 1235 586 1292 ;
601 1213 739 1276 caritate
756 1214 858 1294 igitur
873 1223 907 1277 et
930 1216 1117 1278 animarum
1143 1213 1255 1277 studio
1271 1213 1437 1290 incensos,
1451 1213 1505 1294 qui

247 1279 374 1393 mill?
400 1339 466 1382 non
483 1327 645 1401 quaerant
661 1337 747 1400 quae
763 1337 823 1382 sua
839 1308 995 1397 suntsed
1012 1338 1099 1402 quae
1116 1319 1205 1382 IESU
1218 1317 1387 1395 CHRISTI,
1401 1318 1505 1400 parati

225 1411 375 1538 mm
399 1421 528 1484 labores
545 1425 672 1504 perpeti
689 1443 728 1486 ac
745 1443 844 1503 porro
867 1423 1016 1486 animam
1040 1443 1101 1506 pro
1124 1423 1243 1486 ovibus
1266 1442 1401 1504 ponere.
1419 1423 1506 1486 Nam

226 1541 348 1590 studium.
398 1523 455 1606 qui
482 1524 589 1605 turpis
612 1523 693 1587 lucri
721 1525 829 1606 gratia
854 1524 906 1587 vel
935 1524 1090 1588 humanis
1115 1526 1208 1589 ducti
1230 1525 1419 1589 rationibus
1439 1534 1507 1587 tarn

399 1628 540 1692 arduum
553 1629 802 1710 verendumque
818 1647 939 1692 munus
952 1629 1119 1710 suscipere
1131 1630 1347 1705 contendant,
1357 1628 1416 1712 qui
1433 1647 1506 1690 con-

401 1731 548 1795 venienti
565 1731 653 1794 vitae
678 1732 901 1796 sanctimonia
926 1732 1148 1815 doctrinaque
1174 1742 1318 1808 careant,
1335 1733 1358 1795 ii
1374 1731 1506 1814 penitus

404 1835 538 1900 arcendi
549 1844 641 1914 sunt;
658 1835 852 1898 mercenarii
864 1845 942 1899 sunt
958 1835 1046 1899 enim
1059 1856 1119 1898 nec
1131 1836 1367 1916 intrantesper
1375 1836 1508 1911 ostium,

404 1960 443 2004 ac
459 1940 508 2002 sal
524 1937 724 2002 infatuatum
741 1939 829 2020 quod
846 1938 1049 2004 adnihilata
1065 1940 1152 2004 aaut
1165 1941 1264 2016 ultra,
1279 1937 1348 2002 nusi
1372 1949 1410 2000 ut
1438 1939 1508 2000 mit·

405 2053 498 2106 tatur
502 2043 602 2122 faras
616 2052 649 2106 et
661 2044 857 2106 conculcetur
870 2043 910 2105 ab
924 2043 1110 2106 lcauu'uibus
1125 2044 1136 2126 (
1157 2044 1178 2122 ).

284 2168 315 2223 5⁰
330 2159 378 2236 cu·
449 2147 495 2210 Et
519 2147 601 2210 haec
616 2147 752 2228 quidem
779 2147 812 2210 in
842 2167 957 2210 eorum
984 2147 1162 2211 utilitatem
1186 2155 1349 2229 spectant,
1366 2147 1424 2229 qui
1446 2148 1509 2208 iam

236 2226 379 2354 '3232
405 2253 508 2335 septis
524 2251 684 2316 dominici
701 2253 811 2335 gregis
835 2251 974 2316 feliciter
997 2255 1219 2316 continentur.
1238 2253 1288 2317 At
1314 2273 1395 2316 vero
1422 2253 1510 2334 apud

231 2355 330 2405 curisti
340 2357 377 2404 ²¹⁴·
405 2376 465 2420 vos
481 2357 613 2434 adsunt,
628 2355 846 2420 Venerabiles
863 2356 1005 2434 Fratres,
1020 2357 1087 2438 qui,
1103 2357 1253 2420 nondum
1270 2357 1377 2419 uocati
1400 2358 1435 2420 iu
1456 2356 1511 2418 ad-

229 2421 380 2550 ἴὲῗηανάῖἷῑ
405 2459 555 2524 mirabile
577 2460 685 2522 lumen
706 2459 838 2524 Cluristc'·
856 2461 908 2542 (5),
922 2459 1034 2523 sedent
1058 2459 1167 2524 adhuc
1195 2461 1230 2523 in
1255 2460 1396 2524 tenebris
1421 2471 1453 2524 ct
1479 2461 1511 2522 in

228 2552 378 2666 “55:255
405 2563 522 2628 umbra
547 2565 663 2627 martis
688 2564 746 2646 (⁶);
773 2584 852 2628 oves
876 2583 963 2646 quae
988 2565 1166 2646 perierunt,
1182 2585 1265 2647 quas
1292 2575 1429 2648 oportet
1456 2585 1512 2627 vos

230 2683 320 2732 murts.
406 2669 572 2733 adducere
588 2670 630 2733 ad
647 2677 816 2751 pastorem
838 2689 1007 2734 summum
1032 2669 1220 2732 animarum
1238 2669 1370 2734 IESUM.
1387 2669 1512 2733 Civitas

408 2773 531 2836 etenim
549 2771 614 2835 Dei
640 2773 791 2849 viventis,
807 2771 959 2834 Ecclesia
976 2771 1110 2864 Christi,
1136 2769 1235 2834 nullis
1262 2771 1511 2851 circumscripta

409 2874 580 2953 limitibus,
591 2876 634 2940 ad
650 2876 792 2940 salutem
809 2876 966 2940 omnibus
982 2885 1095 2958 patet:
1111 2876 1160 2938 vis
1176 2895 1298 2956 nempe
1314 2876 1386 2938 eius
1402 2876 1512 2950 est,ab

407 2979 482 3063 ipso
507 2982 621 3044 divino
637 2980 788 3044 Auctore
815 2979 949 3057 tributa,
966 2990 1002 3044 ut
1028 2979 1175 3060 attingat
1191 2999 1211 3042 a
1228 2980 1312 3042 mari
1340 2999 1447 3061 usque
1471 2979 1511 3040 ad

397 3093 499 3146 'mare
525 3093 558 3148 et
584 3082 682 3146 latius
709 3083 742 3146 in
769 3083 842 3145 dies
865 3081 1012 3164 proferat
1035 3083 1138 3146 lacum
1160 3081 1296 3145 tentorii
1308 3083 1365 3145 sui
1376 3081 1513 3164 etpellcs

407 3187 685 3251 tabernaculorum
701 3207 835 3248 suarum
851 3186 903 3270 (⁷),
918 3189 1008 3250 unde
1024 3197 1057 3250 et
1073 3187 1238 3250 catholica
1254 3187 1324 3250 iure
1339 3206 1379 3250 ac
1397 3189 1511 3251 merito

268 3297 381 3372 ,Statuit
407 3292 607 3356 nominatur.
621 3291 752 3358 Scimus
768 3291 923 3373 equidem
941 3292 1111 3374 probeque
1128 3292 1290 3368 novimus,
1303 3291 1391 3354 hanc
1408 3311 1510 3374 popu·

229 3361 381 3474 amiram
407 3396 512 3460 lorum
531 3396 734 3458 acccsscaneac
751 3395 799 3456 ad
813 3395 894 3461 Stoa
912 3405 1051 3459 moutam
1067 3417 1086 3458 a
1102 3396 1216 3459 divina
1237 3397 1344 3476 gratia
1361 3407 1509 3478 repeten-

257 3507 381 3605 ΜἭΞ
408 3501 496 3578 dam,
524 3501 655 3594 Deique
682 3520 753 3563 esse
778 3500 960 3564 christiano
988 3500 1115 3564 nomini
1143 3501 1387 3563 incrementum
1416 3502 1508 3574 dare;

229 3573 380 3698 suaeiituis-
409 3626 499 3668 numa
512 3605 599 3668 cuim
615 3604 705 3667 venit
718 3603 766 3668 ad
777 3604 904 3668 Filium
921 3604 989 3667 nisi
1004 3605 1106 3668 Pater
1132 3603 1272 3667 traxerit
1285 3625 1359 3667 eum
1375 3605 1434 3686 (⁸):
1451 3607 1510 3667 hoc

230 3693 381 3801 lffijnajzss
408 3718 520 3772 tamen
538 3720 690 3772 tenemus
704 3707 768 3772 Dei
786 3709 974 3772 miserentis
991 3730 1063 3773 csse
1079 3707 1511 3790 consilium‚,Redemptoris

231 3833 340 3867 ararum·
408 3815 511 3878 nostri
538 3813 628 3877 facto
658 3833 697 3876 ac
727 3814 888 3878 doctrinis
919 3823 1089 3892 testatum,
1115 3823 1151 3878 ut
1176 3812 1334 3877 mortales
1362 3813 1510 3874 homines

407 3918 511 4000 ipsius
528 3917 593 3981 Dei
609 3917 701 4000 operi
726 3919 759 3980 in
783 3917 925 3983 salutem
950 3921 1138 3982 animarum
1160 3917 1401 3982 obsecundent.
1418 3917 1512 3980 Fides

407 4045 562 4108 namque,
579 4034 737 4089 monente
754 4025 932 4109 apostolo,
943 4048 988 4089 cr
1009 4027 1127 4088 araiitu
1154 4037 1220 4100 cst,·
1241 4023 1380 4089 auditus
1406 4035 1511 4088 autem

437 4193 457 4224 1.
470 4177 556 4228 Exad..
570 4187 649 4230 xxru,
663 4192 698 4222 20.
712 4203 741 4212 -
757 4191 776 4222 2.
792 4179 806 4222 l
818 4180 892 4228 retr..
906 4188 922 4230 t,
936 4191 956 4237 5.
971 4204 1000 4212 —
1015 4193 1035 4236 3.
1051 4179 1150 4234 Martia,
1162 4189 1185 4232 v,
1201 4194 1234 4234 14.
1248 4203 1277 4212 -
1293 4193 1314 4236 4.
1328 4179 1430 4230 Mutat..
1442 4189 1464 4229 v.
1480 4193 1508 4235 ῃ

406 4269 435 4280 -
451 4259 471 4304 5.
486 4247 500 4290 Ι
509 4247 585 4299 Pur..
599 4255 627 4296 n,
639 4259 660 4303 9.
673 4270 703 4278 -
718 4247 738 4290 6.
753 4246 820 4299 Luc.¹
835 4257 853 4298 1,
865 4260 900 4304 79.
912 4272 942 4280 -
957 4261 977 4304 7.
992 4249 1033 4300 Is..
1047 4258 1099 4299 mv.
1113 4261 1133 4292 u.
1146 4271 1175 4280 -
1191 4249 1211 4292 8.
1223 4247 1294 4298 suan,
1308 4257 1344 4298 vr,
1358 4263 1394 4304 ⁴4-
