3216 4880
445 269 517 342 274
609 273 791 326 eustoch
817 273 1049 324 APOSTOLICA
1078 260 1099 290 “
1119 272 1340 323 caesennae
1358 249 1376 276 '¹

284 496 289 506 ¹
326 429 417 543 ἔαξε·
443 425 486 487 ad
502 424 621 487 ultima
637 425 709 488 loca
725 425 943 506 progressuri,
958 445 1003 487 ex
1013 427 1214 490 auctoritate
1227 425 1354 489 Nostra
1365 443 1522 506 praecones

264 510 417 609 &1252ssss
443 527 619 612 Evangelii
635 555 642 594 :
658 530 876 612 quotidieque
891 551 912 592 a
930 530 1004 592 Deo
1019 531 1255 594 contendimus
1272 539 1309 593 ut
1320 529 1522 612 multiplicare

304 626 414 694 exponit,
442 632 586 716 benigne
602 635 683 698 velit
709 655 879 698 sacrorum
905 635 1133 712 administros,
1159 635 1280 717 dignos
1307 652 1443 698 munere
1463 653 1523 715 apo

441 735 630 819 stolico,qui
641 737 767 800 scilicet
783 737 963 802 commoda
979 757 1038 801 sua
1055 746 1089 802 et
1104 738 1374 802 incolumitatem
1390 747 1425 800 et
1440 736 1523 798 vitan

441 839 558 922 ipsam,
573 842 600 903 si
624 861 675 905 res
702 841 931 922 postulaverit,
952 861 1013 922 pro
1029 841 1154 906 Christi
1176 861 1280 924 regno
1306 839 1526 922 amplificando

440 965 506 1009 non
523 944 680 1008 dubitent
695 943 870 1006 devovere.

271 1043 417 1172 dmm
483 1049 536 1112 Tu
553 1069 631 1111 vero
647 1068 797 1134 propera,
813 1047 951 1111 humani
967 1049 1100 1130 generis
1115 1059 1265 1111 servator
1275 1057 1309 1110 et
1320 1067 1442 1132 parens
1457 1047 1527 1108 lesu

264 1183 293 1224 ue
303 1175 339 1223 ad
352 1176 413 1239 serp.
440 1153 624 1219 CHRISTE:
639 1154 762 1235 exequi
779 1173 820 1215 ne
837 1151 970 1216 differas
986 1153 1077 1235 quod
1094 1153 1175 1216 olim
1188 1163 1222 1216 te
1237 1153 1356 1216 dixisti
1368 1153 1529 1222 facturum.

262 1241 414 1358 :mm
440 1271 476 1321 ut
492 1279 566 1322 curn
577 1258 747 1320 exaltatus
764 1277 853 1319 esses
870 1277 890 1320 a
905 1267 1002 1332 terra,
1014 1259 1129 1321 omnia
1146 1258 1295 1320 traheres
1312 1258 1355 1321 ad
1371 1267 1408 1320 te
1425 1258 1527 1338 ipsum.

441 1363 531 1445 Ergo
546 1361 683 1424 illabere
699 1361 891 1442 aliquando,
907 1371 1009 1442 atque
1032 1361 1175 1425 ostende
1190 1371 1224 1423 te
1240 1360 1453 1424 multitudini
1469 1356 1527 1421 infi-

439 1468 537 1541 nitae,
552 1463 780 1528 benificiorum
799 1465 1034 1542 maximorum,
1049 1484 1137 1547 quae
1153 1483 1269 1527 cruore
1296 1474 1355 1526 tuo
1383 1462 1528 1544 peperisti

439 1565 643 1641 mortalibus,
659 1565 768 1626 adhuc
782 1565 913 1643 experti
932 1588 939 1626 :
956 1565 1069 1628 excita
1096 1565 1252 1626 sedentes
1279 1563 1481 1626 intenebris
1503 1573 1528 1624 et

437 1671 555 1733 umbra
568 1669 694 1743 mortis,
705 1677 741 1730 ut
758 1667 858 1729 radiis
871 1666 1026 1730 illustrati
1040 1667 1224 1748 sapientiae
1236 1667 1440 1748 virtutisque
1455 1675 1528 1738 tuae,

438 1775 471 1836 in
488 1784 521 1836 te
536 1783 570 1835 et
585 1795 644 1854 per
659 1783 693 1835 te
709 1773 774 1834 sint
789 1771 1009 1834 consummati
1019 1772 1054 1834 in
1068 1789 1179 1835 unum.

287 1923 411 1971 Aliusne-
482 1873 1529 1958 Cuiusquidemunitatissacramentumcogitantibus‚oceurrit

278 2003 306 2036 ro
315 1995 409 2064 gersten
438 1981 545 2044 Nobis
562 1981 758 2042 universitas
776 1979 987 2060 populorum,
1003 1999 1088 2062 quos
1103 1981 1148 2040 ab
1175 1979 1340 2041 erroribus
1368 1976 1528 2040 diuturnis

260 2061 411 2182 ,limfis
437 2085 480 2148 ad
496 2085 722 2165 evangelicam
747 2083 947 2164 sapientiam
971 2084 1085 2149 divina
1100 2084 1209 2164 pietas
1232 2082 1359 2145 iamdiu
1377 2080 1529 2146 traduxit.

260 2185 408 2242 saranum,
438 2189 530 2258 Nihil
546 2187 696 2269 prolecto
713 2187 754 2249 ad
782 2187 1050 2250 recordationem
1076 2186 1263 2262 iucundius,
1276 2205 1387 2267 neque
1404 2186 1449 2249 ad
1472 2185 1528 2246 lau·

436 2297 512 2357 dem
530 2291 811 2376 providentissimi
830 2291 976 2352 numinis
992 2291 1195 2372 praeclarius
1212 2300 1362 2352 veterum
1377 2289 1530 2354 memorii

435 2407 634 2477 temporum,
650 2415 725 2457 curn
743 2392 824 2456 fides
841 2394 1002 2457 divinitus
1019 2404 1158 2474 accepta
1184 2393 1431 2474 patrimonium
1449 2411 1528 2455 corn·

436 2509 659 2580 moneatque
684 2497 894 2559 individuum
920 2498 1022 2578 vulgo
1050 2497 1238 2560 habebatur
1255 2519 1263 2559 ε
1279 2515 1356 2558 curn
1387 2495 1531 2559 excultas

435 2601 644 2664 humanitate
660 2609 786 2680 gentes,
797 2599 886 2675 locis,
899 2599 1044 2681 ingenio,
1058 2599 1205 2662 moribus
1217 2599 1364 2678 dissitaS,
1381 2597 1532 2662 licetaliis

434 2707 477 2768 de
518 2707 616 2768 rebus
646 2723 746 2784 saepe
788 2704 997 2780 dissiderent,
1025 2705 1236 2780 dimicarent,
1259 2703 1483 2767 nihilominus
1506 2705 1531 2765 in

435 2829 484 2886 eo,
500 2809 590 2890 quod
607 2808 649 2870 ad
662 2807 858 2889 religionem
878 2809 1033 2888 pertinet,
1050 2807 1133 2871 fides
1160 2807 1343 2870 christiana
1369 2810 1531 2871 universas

259 2947 322 2997 dp„
333 2949 361 2995 d,
376 2948 408 2996 „2
436 2913 646 2995 coniugabat.
664 2911 719 2975 Ad
736 2913 833 2973 huius
847 2911 1111 2976 recordationem
1127 2913 1316 2990 memoriae,
1330 2911 1434 2974 nimis
1446 2931 1533 2994 aegre

278 3015 409 3090 nqucc'le·
437 3014 499 3078 lert
521 3015 662 3087 animus,
678 3012 767 3094 quod
796 3031 949 3074 successu
976 3020 1135 3087 aetatum,
1158 3011 1405 3093 suspicionibus
1435 3011 1533 3074 inimi·

274 3079 411 3207 qaam
436 3123 587 3202 citiisque
603 3121 791 3195 commotis,
809 3139 948 3200 magnas
965 3139 1003 3180 ac
1031 3119 1188 3182 fiorentes
1213 3121 1369 3182 nationes
1394 3121 1441 3182 de
1467 3121 1532 3182 sinu

274 3216 410 3337 9⁵}wa
438 3226 607 3289 Ecclesiae
632 3244 791 3286 romanae
833 3223 922 3285 male
964 3223 1137 3302 auspicata
1178 3233 1333 3304 tempora
1364 3223 1534 3286 abstraxe·

259 3357 309 3399 sus,
327 3340 410 3388 horta·
436 3333 510 3392 rint.
546 3329 741 3410 Utcumque
783 3327 835 3402 sit,
868 3327 940 3388 Nos
975 3327 1111 3408 quidem
1144 3329 1251 3410 gratia
1289 3326 1409 3392 confisi
1444 3327 1532 3390 mise·

260 3411 410 3520 ‘mm
435 3434 641 3514 ricordiaque
668 3430 909 3512 omnipotentis
938 3429 1012 3508 Dei,
1038 3432 1096 3512 qui
1122 3433 1216 3496 novit
1241 3452 1327 3494 unus
1348 3429 1533 3512 opitulandi

272 3544 327 3584 ‚tem
343 3541 408 3586 rede·
437 3537 653 3612 maturitates,
669 3545 703 3598 et
730 3535 823 3598 cuius
848 3535 879 3596 in
899 3543 1067 3615 potestate
1091 3545 1144 3598 est
1161 3556 1209 3613 eo,
1226 3555 1293 3616 quo
1320 3536 1403 3613 vult,
1420 3537 1531 3600 volun·

260 3608 313 3650 ω’
435 3651 521 3702 tates
545 3639 718 3700 hominurn
744 3637 884 3716 flectere,
911 3638 953 3700 ad
981 3657 1038 3700 eas
1070 3637 1160 3719 ipsas
1192 3640 1345 3701 nationes
1362 3639 1533 3703 adiicimus

435 3745 594 3818 animum,
627 3741 828 3822 easdemque
872 3743 1010 3804 caritate
1044 3751 1185 3822 paterna
1226 3739 1403 3804 hortamur
1436 3753 1531 3823 atque

435 3847 655 3920 obsecramus,
672 3852 708 3906 ut
725 3845 830 3906 redire
862 3845 1060 3926 compositis
1076 3845 1232 3922 dissidiis,
1247 3845 1353 3909 velint
1369 3845 1413 3909 ad
1430 3847 1532 3909 unita·

435 3960 513 4014 tem.

272 4087 411 4139 offla„
479 4055 533 4119 Ac
548 4054 656 4135 primo
683 4062 895 4133 peramanter
911 4052 1108 4134 respicimus
1136 4051 1179 4115 ad
1196 4051 1382 4132 Orientem,
1399 4053 1531 4117 uudein

286 4153 412 4233 Egelesta
435 4159 550 4222 orbem
567 4157 757 4220 universum
775 4157 871 4220 initio
887 4155 1037 4238 profecta
1048 4157 1146 4220 salus.
1158 4158 1327 4222 Videlicet
1344 4158 1531 4242 expectatio

258 4227 409 4283 nonrngmn
497 4262 504 4275 .
569 4260 588 4275 ..
713 4261 746 4276 ..
1059 4259 1066 4273 ·
1234 4261 1242 4276 ·

258 4285 289 4334 ab
299 4285 409 4335 Ecclesia
435 4262 589 4326 desidem
607 4259 720 4324 Nostri
738 4261 917 4324 iucundam
946 4280 1040 4342 spem
1058 4259 1213 4325 inchoare
1232 4262 1336 4338 rubet,
1355 4283 1422 4327 non
1438 4263 1531 4342 longe
