3222 4888
207 293 208 300 ι
264 267 315 316 on
342 267 464 319 nesus
491 267 793 321 uccnusrnsrrms
821 269 863 318 ru
890 267 1066 320 aunuum.
1148 249 1219 338 263

110 417 276 480 iuventuti
293 418 567 501 largeeffuseque
582 421 800 502 impertiatur.
810 419 899 483 Turn
914 419 1129 502 physicarum
1143 421 1221 482 doc·
1316 443 1332 477 r

110 521 274 586 trinarum
298 523 410 587 studia
432 544 474 587 ne
505 524 741 608 negligantur;
771 543 861 601 narn,
892 523 1220 606 praeterquamquod
1283 491 1364 608 W

110 635 208 689 tanto
224 647 313 691 nunc
338 638 416 694 sunt
443 630 475 692 in
495 630 612 712 pretio,
637 629 716 693 inde
741 628 955 711 potissimum
979 627 1221 692 catholicorum
1246 657 1383 720 ‚orphito-

54 789 56 793 .
110 729 310 811 dogmatum
328 751 441 795 osores
466 740 667 813 argumenta
692 741 813 814 petunt
832 731 874 794 ad
893 730 1026 794 illorum
1042 729 1219 794 veritatem
1245 723 1344 837 ³}th
1359 725 1394 817 (7·

110 833 378 914 debilitandam;
403 843 609 919 quapropter
636 836 824 898 cavendum
848 855 889 897 ne
916 835 950 897 in
982 855 1078 899 sacro
1104 834 1220 898 ordine
1289 805 1396 904 imein-

110 936 343 1002 desiderentur
365 939 431 1022 qui,
447 941 489 1002 ad
515 938 708 1002 huiusmodi
739 937 864 1002 bellurn
887 937 1079 1020 prudentes,
1094 938 1220 1000 eisdem
1246 921 1395 1048 {fami

110 1041 258 1121 ipsorum
276 1043 377 1106 armis
402 1042 609 1106 adversarios
625 1043 779 1106 homines
795 1051 959 1120 evertant,
974 1061 1102 1105 errores
1127 1043 1221 1106 relel-
1246 1065 1295 1126 roe,
1316 1065 1396 1128 aron

111 1146 189 1208 lant.
219 1145 366 1215 Demum
398 1166 484 1230 quae
512 1167 618 1229 nuper
641 1149 684 1210 de
710 1147 841 1210 biblicis
869 1147 991 1212 studiis
1024 1146 1221 1210 excolendis
1247 1122 1398 1245 {zm}

109 1248 280 1312 ediximus
311 1250 463 1333 religiose
494 1252 736 1315 custodiantur.
769 1250 867 1314 Haec
890 1251 917 1312 si
946 1251 1171 1332 praestabitis,
1187 1260 1221 1314 et
1246 1246 1394 1360 meiana?-

109 1352 218 1415 clerus
234 1352 365 1416 florebit
390 1354 517 1417 honore
539 1375 601 1418 suo
624 1365 658 1418 et
675 1353 845 1418 Ecclesiae
862 1355 934 1417 laus
960 1353 1119 1433 manebit,
1134 1372 1220 1436 quae
1246 1317 1397 1442 mmihi}

110 1475 242 1536 semper
257 1458 463 1538 optimorum
487 1459 675 1522 studiorum
692 1457 819 1521 fautrix
842 1467 876 1521 et
901 1457 1004 1520 altrix
1030 1467 1081 1521 est
1104 1456 1220 1520 habita
1244 1441 1381 1557 §missi

109 1581 252 1643 vereque
264 1563 421 1629 habenda
432 1575 497 1629 est:
511 1565 605 1628 vobis
615 1575 787 1648 praeterea
799 1564 911 1628 idonei
923 1563 1076 1628 homines
1087 1571 1220 1646 praesto
1246 1573 1365 1650 Pomone

110 1678 221 1744 erunt,
231 1671 298 1750 qui,
318 1669 427 1733 vocati
444 1671 477 1732 in
494 1679 624 1752 partem
653 1669 828 1733 ministerii
845 1669 957 1746 vestri,
981 1688 1106 1750 magno
1125 1668 1219 1732 vobis
1245 1639 1334 1687 “hm‘'

109 1775 301 1838 erudiendis
324 1775 457 1858 populis
480 1776 664 1858 pietatique
687 1775 851 1838 fovendae
870 1775 944 1838 usui
970 1773 1071 1838 futuri
1095 1775 1162 1837 sint
1186 1782 1219 1837 et

109 1876 316 1943 adiumento.
341 1955 345 1971 β

154 1979 228 2044 lam
245 1981 397 2060 alterurn,
410 1983 499 2066 quod
517 1984 611 2048 vobis
628 1983 747 2047 intime
762 1983 917 2047 volumus
933 1981 1218 2058 commendatum,
1290 2005 1396 2070 popa.

109 2083 192 2148 illud
210 2094 260 2149 est
277 2096 314 2150 ut
330 2087 483 2150 curiones
498 2088 661 2169 paroeciis
677 2088 836 2169 regundis
864 2085 1101 2168 praeficiantur
1115 2105 1217 2166 quarn
1245 2071 1379 2200 ”iiiiii

108 2188 167 2270 qui
184 2188 312 2270 optimi.
329 2189 466 2254 Etenim
488 2191 546 2273 qui
573 2191 616 2253 ad
644 2189 707 2254 hoc
733 2209 864 2267 munus,
879 2190 1007 2253 honore
1031 2189 1167 2270 quidem
1185 2197 1218 2250 et
1240 2153 1395 2266 {sopiamu-

107 2291 308 2355 auctoritate
320 2292 456 2374 plenum
468 2305 503 2356 at
514 2294 652 2356 salebris
665 2293 819 2375 curisque
829 2293 969 2375 plenius,
981 2292 1218 2373 provehuntur,
1244 2275 1396 2398 &sm

107 2395 129 2456 ii
155 2405 243 2472 sunt,
258 2416 344 2478 quos
370 2397 433 2462 sibi
458 2397 619 2480 Episcopi
643 2397 819 2480 pastolaris
847 2396 1082 2462 sollicitudinis
1109 2397 1217 2461 socios
1244 2399 1349 2476 ciendos,

107 2500 306 2582 adiungunt,
332 2502 520 2585 quibusque
551 2502 739 2585 praecipuis
771 2512 910 2566 utuntur
936 2502 1147 2567 adiutoribus
1173 2502 1223 2565 ad
1243 2471 1394 2592 {qma

107 2602 375 2682 informationem
398 2625 510 2668 nomm
535 2607 595 2688 qui
611 2605 741 2671 Clarr'sto
763 2605 899 2668 credunt
923 2605 958 2668 in
985 2605 1090 2668 vitam
1116 2613 1216 2668 aeter·
1244 2595 1378 2708 ”³⁸⁵²'t'ljssi’'

107 2727 187 2770 uam
203 2707 257 2789 (¹).
273 2708 437 2772 Curiones
453 2729 600 2792 namque
615 2709 679 2773 sibi
696 2709 850 2775 Christus
865 2710 1005 2772 assumit
1031 2718 1066 2772 ut
1087 2709 1217 2790 vigilias
1242 2677 1362 2790 malus

107 2809 223 2872 fideles
239 2812 377 2891 agitent,
390 2831 432 2874 ne
447 2813 591 2894 populus
604 2812 669 2875 Dei
686 2821 822 2876 sanctus
837 2811 1215 2894 impressionehostiurn
1244 2807 1339 2840 ‚narsus
1349 2797 1393 2849 ‘⁸²’

107 2913 313 2997 periclitetur
329 2935 367 2978 ac
383 2917 622 2979 detrimentum
639 2917 758 2998 capiat.
771 2915 973 2980 Animarum
985 2915 1089 2979 veluti
1107 2927 1218 2998 patres

107 3018 367 3094 constituuntur,
397 3037 483 3098 quae
514 3019 557 3082 ad
588 3021 769 3100 imaginem
804 3019 1000 3084 Conditoris
1031 3019 1141 3083 factae
1166 3018 1219 3101 (Β),

106 3134 231 3206 emptae
245 3135 324 3187 soant
334 3125 403 3188 Deo
418 3135 449 3188 et
461 3127 558 3208 Agna
570 3147 632 3189 nou
647 3126 911 3207 corruptibilibus
922 3149 1005 3190 auro
1015 3128 1070 3190 uel
1077 3136 1220 3210 argento,

106 3227 313 3310 sedpretioso
328 3231 488 3310 sanguiue
502 3229 601 3312 quasi
613 3231 695 3312 agui
717 3230 923 3294 immaculati
939 3229 1066 3296 curisti
1080 3229 1137 3314 (3);
1162 3249 1218 3292 eas

108 3333 212 3414 igitur
227 3333 347 3397 iterum
357 3335 556 3415 parturiant
569 3345 712 3416 oportet,
727 3335 1002 3415 donecformetur
1018 3333 1169 3399 Christus
1184 3333 1219 3397 in

109 3435 179 3501 illis
195 3437 245 3519 (⁴).
267 3437 421 3500 Pastores
436 3448 523 3514 sunt,
539 3441 606 3520 qui,
622 3439 685 3502 nisi
702 3439 736 3501 in
761 3438 974 3502 mercenariis
999 3439 1124 3500 censeri
1149 3457 1218 3500 ma-

109 3543 182 3618 lint,
197 3541 322 3605 debent
338 3561 417 3605 oves
434 3563 511 3605 suas
533 3561 723 3624 agnoscere,
738 3543 830 3606 verbi
848 3543 912 3606 Dei
939 3541 1063 3624 pabulo
1085 3543 1219 3621 nutrire,

109 3656 395 3710 sacramentorum
422 3648 590 3730 praesidio
621 3648 807 3726 instruere;
839 3649 985 3728 laetique
1016 3647 1079 3728 ipsi
1111 3645 1218 3709 forma

107 3752 230 3834 gregis,
245 3750 397 3816 habentes
411 3753 602 3834 mysterium
626 3753 718 3818 uerbi
742 3753 777 3816 iu
797 3753 1089 3834 couscientiapura
1106 3750 1156 3833 (⁵),
1173 3755 1219 3814 sic

109 3855 244 3938 plebem
261 3857 424 3920 creditam
453 3858 677 3936 moderentur,
694 3867 729 3922 ut
747 3857 905 3940 Apostoli
934 3857 1034 3920 verba
1060 3865 1220 3938 usurpare

109 3959 261 4043 possint:
280 3958 466 4022 Imitatores
481 3961 546 4022 onai
559 3969 662 4036 estote,
677 3961 762 4024 sicut
775 3969 807 4022 et
821 3981 877 4041 ego
895 3957 1076 4040 carison).
1092 3959 1221 4023 Postre-

112 4082 205 4126 mum
234 4065 429 4144 angelorum
458 4065 534 4126 loco
560 4065 726 4127 habentur
754 4064 883 4138 merito,
899 4083 983 4143 quos
1007 4063 1110 4125 mittit
1128 4063 1220 4126 Deus

145 4230 164 4262 1.
179 4217 194 4261 I
206 4217 281 4268 Tim..
295 4227 311 4267 ι.
327 4219 403 4263 16.—
420 4232 440 4263 2.
455 4218 536 4276 Apon,
550 4226 605 4268 xiv,
619 4231 640 4272 4.
656 4241 685 4250 -
701 4231 723 4275 3.
737 4218 751 4261 l
761 4218 836 4268 Patr..
851 4228 867 4268 ι,
883 4219 916 4262 18.
930 4241 960 4250 -
978 4230 999 4274 4.
1016 4217 1082 4270 Gal..
1096 4225 1129 4268 ιιι,
1145 4229 1178 4274 ι9.
1193 4240 1220 4250 -

113 4295 134 4345 5„
148 4283 163 4328 Ι
178 4284 251 4336 Tim,
264 4295 301 4336 ιιι,
314 4299 335 4341 9.
350 4309 376 4318 -
393 4285 415 4330 6.
431 4285 587 4335 ICor..x1v,
603 4285 638 4329 16.
