3250 4888
459 261 510 312 DE
537 259 701 312 ROSARIO
729 260 900 312 MARIALI.
1165 259 1233 332 115

128 409 275 494 poribus,
292 431 397 495 aeque
423 430 581 494 rogamus
596 411 715 475 caussa
731 411 865 486 Nostra,
889 409 946 493 qui
970 411 1101 475 devexa
1117 422 1237 491 aetate,
1293 421 1378 520 SEssT

128 513 249 580 defessi
265 513 445 594 laboribus,
454 514 657 580 difficillimis
670 534 779 580 rerum
791 515 961 578 constricti
975 517 1149 596 angustiis,
1164 517 1236 581 nul·
1302 509 1382 595 1892]

129 619 168 682 lis
185 620 360 684 homiuum
390 620 464 685 fulti
496 619 662 698 subsidiis,
678 621 783 703 ipsius
809 619 1047 704 gubernacula
1066 621 1237 686 Ecclesiae
1257 649 1388 711 processo

128 733 321 790 tractamus.
337 724 471 807 Nempe
487 726 520 789 in
539 724 658 801 Maria,
674 733 812 808 potente
825 735 858 788 et
872 723 1018 806 benigna
1030 733 1145 801 matre,
1161 745 1236 808 spes
1255 711 1404 840 smine}

128 829 254 893 Nostra
291 827 498 912 exploratior
525 829 675 912 quotidie
701 829 861 910 augescit,
886 827 1063 892 iucundius
1104 829 1234 893 arridet.
1263 844 1378 906 exposco.

128 931 231 998 Cuius
257 931 485 1015 deprecationi
502 933 528 996 si
552 932 696 1016 plurima
713 952 818 1015 eaque
846 931 1017 1014 praeclara
1032 931 1193 996 beneficia
1216 955 1236 997 a
1261 907 1410 1036 dspsfjss‘ji,

127 1035 202 1098 Deo
217 1045 356 1117 accepta
372 1033 553 1113 referimus,
566 1036 600 1100 id
619 1055 753 1118 quoque
769 1034 925 1099 effusiore
937 1036 1046 1119 gratia
1063 1033 1235 1100 referimus
1262 1039 1294 1087 m·
1301 1039 1331 1088 m
1338 1039 1416 1102 refert

126 1141 217 1222 quod
234 1139 371 1204 iamiam
398 1139 496 1204 detur
512 1141 826 1224 quinquagesimum
854 1141 945 1204 diem
969 1140 1234 1206 anniversarium
1261 1103 1389 1232 Zssssff

128 1245 294 1326 attingere
309 1265 353 1308 ex
371 1265 438 1328 quo
461 1263 576 1310 sumus
603 1245 786 1328 episcopali
803 1245 921 1308 ordine
946 1245 1141 1311 consecrati.
1160 1245 1233 1308 Ma·
1261 1235 1414 1350 lffgv:

125 1368 229 1431 gnum
247 1369 329 1412 sane
342 1349 406 1414 hoc
422 1359 473 1414 est
489 1349 744 1432 respicientibus
762 1359 832 1414 tam
848 1350 1042 1414 diuturnum
1058 1348 1234 1432 pastoralis
1260 1316 1357 1414 iamim
1371 1318 1417 1416 im·

126 1451 272 1515 muneris
292 1453 449 1534 spatium,
464 1461 628 1536 quantum
645 1453 833 1538 praecipue,
851 1453 1049 1536 quotidiana
1075 1453 1233 1517 sollicitu·
1262 1431 1414 1546 &³22⁰ssss

124 1557 203 1620 dine
219 1555 394 1638 agitatum,
405 1557 515 1622 adhuc
531 1557 760 1640 impendimus
774 1557 958 1621 christiano
974 1557 1067 1640 gregi
1081 1559 1235 1622 universo
1262 1563 1296 1610 sir
1306 1563 1407 1628 uuile-1

124 1659 280 1740 regendo.
295 1658 373 1742 Quo
389 1660 499 1724 Nobis
515 1661 548 1723 in
565 1661 686 1742 spatio,
702 1669 739 1723 ut
750 1668 801 1724 est
815 1659 991 1724 hominurn
1009 1659 1088 1736 vita,
1103 1670 1139 1722 ut
1156 1671 1234 1725 sunt
1262 1634 1368 1742 Ἤ

125 1761 249 1826 Christi
260 1771 293 1826 et
307 1763 427 1826 Matris
441 1764 670 1844 mysteria,nec
681 1761 857 1827 defuerunt
873 1763 1072 1846 gaudiorum
1089 1783 1235 1840 caussae,
1261 1773 1391 1837 omnesq-

123 1875 157 1930 et
179 1866 290 1948 plures
315 1866 521 1948 acerbaeque
537 1867 711 1931 admixtae
733 1875 811 1930 sunt
827 1885 963 1931 caussae
979 1865 1142 1942 dolorum,
1165 1865 1235 1948 glo·
1261 1839 1407 1938 Yam?

124 1971 231 2034 riandi
249 1973 282 2035 in
300 1969 435 2036 Christo
450 1972 607 2054 praemiis
629 1991 764 2055 quoque
787 1971 927 2035 delatis:
944 1991 1050 2053 eaque
1074 1971 1146 2034 Nos
1164 1991 1235 2034 om·
1262 1954 1389 2069 ᾗζξζξῇξ

125 2075 190 2152 nia,
206 2075 353 2138 demissa
370 2075 445 2139 Deo
458 2075 641 2158 aequaliter
658 2085 770 2138 mente
786 2083 949 2158 gratoque
960 2075 1084 2152 anim0,
1098 2094 1233 2140 conver·
1262 2091 1381 2134 consecra·

124 2189 196 2242 tere
219 2180 262 2243 ad
281 2179 453 2242 Ecclesiae
468 2179 595 2242 bonum
612 2188 646 2242 et
661 2189 896 2242 ornamentum
920 2179 1122 2243 studuimus.
1135 2177 1236 2243 Nunc
1261 2157 1380 2276 ,lgm

124 2285 204 2360 iam,
221 2301 282 2346 nec
298 2283 387 2346 enirn
401 2282 607 2348 dissimiliter
630 2282 758 2364 reliqua
774 2283 842 2347 vita
859 2283 1021 2359 decurret,
1037 2283 1065 2346 si
1082 2283 1133 2346 vel
1148 2303 1235 2348 nova
1262 2281 1373 2359 idpsum
1398 2347 1405 2359 ,

123 2385 309 2470 affulgeaut
324 2387 447 2469 gaudia
459 2385 511 2449 vel
529 2385 747 2470 impendeant
762 2385 905 2464 dolores,
919 2387 946 2448 si
961 2407 1027 2468 qua
1043 2386 1169 2470 gloriae
1181 2407 1234 2450 ac·
1263 2349 1416 2462 {fimi}

122 2509 258 2554 cessura
282 2489 349 2554 sint
365 2488 496 2567 decora,
511 2490 630 2554 eadem
656 2489 728 2553 Nos
762 2499 875 2553 mente
902 2491 1091 2572 eodemque
1121 2491 1236 2554 animo
1262 2483 1347 2528 rurus.

121 2603 328 2672 constantes,
342 2601 377 2658 et
403 2593 544 2676 gloriam
570 2593 667 2656 unice
690 2603 888 2676 appetentes
905 2614 925 2656 a
945 2593 1020 2657 Deo
1046 2594 1236 2672 caelestem,

121 2697 279 2763 davidica
294 2697 351 2761 illa
363 2697 525 2761 iuvabunt
543 2715 549 2755 :
570 2696 628 2762 Sit
638 2718 753 2762 nomen
768 2697 911 2761 Domini
925 2697 1122 2761 benedictum
1134 2721 1146 2762 .·
1158 2699 1235 2762 Non

121 2800 226 2880 nobis,
251 2799 402 2878 Domine,
428 2821 491 2863 non
517 2799 616 2878 nobis,
638 2801 697 2864 sed
721 2801 851 2865 nomini
875 2811 930 2865 tuo
960 2801 1004 2864 do
1022 2801 1197 2886 gloriam(
1214 2803 1235 2886 ).

122 2904 294 2988 Equidem
311 2925 330 2968 a
347 2903 422 2968 tiliis
434 2904 578 2982 Nostris,
588 2922 730 2987 quorum
741 2905 773 2968 in
787 2903 818 2966 N
822 2924 859 2967 os
875 2905 1029 2967 videmus
1042 2906 1152 2968 studia
1164 2915 1235 2969 tarn
1297 2921 1382 2970 Preces

120 3011 178 3090 pie
196 3011 230 3071 et
257 3007 419 3071 benevole
435 3006 581 3084 incensa,
597 3007 710 3090 potius
733 3025 835 3090 quam
853 3006 1096 3089 gratulationes
1116 3018 1150 3072 et
1166 3008 1236 3072 lau·
1263 2987 1415 3116 ᾖξῇξᾌ

120 3115 193 3188 des,
210 3131 358 3175 summas
375 3111 451 3174 Deo
467 3111 597 3194 optimo
612 3118 724 3192 grates
737 3129 920 3192 precesque
936 3121 969 3174 et
992 3119 1073 3174 vota
1098 3131 1235 3193 magno·
1262 3117 1307 3166 liis
1320 3126 1400 3182 exspa-

120 3237 206 3301 pere
231 3226 453 3300 expectamus
467 3236 475 3293 ;
488 3215 638 3278 maxime
657 3213 773 3277 laetati
789 3216 816 3276 si
833 3213 896 3276 hoc
922 3213 1030 3278 Nobis
1047 3215 1236 3297 impetrent,
1262 3187 1319 3232 ‘'a‘'

120 3335 158 3386 ut
179 3330 346 3405 quantum
363 3318 482 3382 virium
494 3328 533 3382 -et
549 3317 637 3382 vitae
653 3317 806 3400 supersit,
822 3326 986 3400 quantum
1011 3318 1155 3382 resideat
1178 3340 1236 3383 au·

120 3425 293 3490 ctoritatis
305 3431 339 3486 et
354 3423 492 3506 gratiae,
510 3431 642 3486 tantum
661 3421 833 3485 Ecclesiae
849 3420 988 3484 omnino
1002 3423 1133 3486 accidat
1148 3425 1235 3489 salu·

120 3542 206 3608 tare,
218 3529 252 3591 in
277 3527 392 3610 primis
416 3527 458 3589 ad
483 3524 629 3589 infensos
654 3535 687 3592 et
702 3526 828 3602 devios,
844 3544 929 3608 quos
952 3509 1149 3590 iamdudum
1166 3549 1236 3594 vox

119 3635 253 3698 Nostra
276 3631 405 3707 invitat,
421 3629 627 3693 reducendos
647 3628 920 3694 reconciliandos.
937 3627 1105 3694 Omnibus
1122 3641 1236 3696 autern
1299 3651 1400 3715 Optima

118 3734 351 3802 dilectissimis
375 3733 459 3811 filiis,
474 3753 519 3796 ex
546 3733 713 3815 proxima,
729 3731 806 3797 Deo
834 3733 992 3808 donante,
1009 3730 1181 3797 faustitete
1204 3744 1238 3798 et
1264 3717 1414 3844 {ffljo'l'

118 3841 254 3905 laetitia
271 3838 405 3915 Nostra,
422 3837 577 3914 iustitiae,
594 3837 695 3920 pacis,
719 3835 959 3919 prosperitatis,
987 3836 1239 3917 sanctimoniae,
1264 3849 1394 3923 xinra'sua

118 3947 292 4011 bonorum
309 3942 460 4005 omnium
483 3938 621 4004 affluant
639 3960 778 4004 munera
794 3959 801 4000 :
819 3940 882 4004 hoc
899 3949 1039 4023 paterna
1055 3941 1195 4006 caritate
1217 3964 1237 4006 a
1257 3912 1395 4042 {ima

119 4052 204 4115 Deo
220 4049 448 4130 adprecamur‚
460 4043 524 4109 hoc
541 4043 679 4120 eloquiis
690 4045 761 4108 eius
776 4062 1031 4108 commonemus
1050 4067 1057 4107 :
1078 4044 1238 4110 Obaudite
1264 4051 1316 4102 Μ’
1336 4043 1415 4091 vertis

117 4177 185 4220 mc.
195 4200 220 4218 ..
236 4161 269 4215 et
283 4150 383 4234 quasi
391 4170 465 4213 rosa
473 4149 628 4231 plantata
642 4159 742 4232 super
749 4149 839 4214 rivos
850 4169 1014 4232 aquarum
1019 4149 1237 4234 fmctificate:
1264 4109 1386 4224 fem?

154 4305 176 4336 1.
189 4288 233 4336 Ps.
252 4297 317 4342 exn,
329 4301 344 4334 s
355 4302 360 4342 ;
373 4296 448 4339 crnn,
468 4300 487 4331 1.
