3250 4888
165 311 1123 402 uefflfflmfflmffimemfflmfflss

168 412 760 423 ...........................................................

159 460 162 543 ῗ
275 497 603 578 erraans
636 493 1083 580 APOSTOLICAE

333 1511 502 1573 Ecclesiae
520 1521 673 1592 tempora
691 1524 793 1590 atque
810 1509 976 1576 humanae
1004 1508 1174 1570 societatis
1199 1509 1231 1568 in
1295 1477 1368 1592 1²}ssss

175 1517 253 1675 G
284 1631 306 1700 p
333 1613 492 1676 maximis
514 1614 612 1676 rebus
633 1615 726 1695 quasi
745 1613 967 1694 naufragium,
984 1614 1045 1674 sub
1063 1613 1135 1692 ipsa
1152 1631 1233 1692 pon·
1291 1645 1373 1694 Nova·
1408 1701 1410 1708 Ι

199 1704 308 1776 saell
331 1717 475 1780 tificatus
503 1721 653 1794 exordia,
679 1728 880 1800 reputantes,
912 1718 1125 1798 praecipuam
1148 1715 1233 1777 tanti
1256 1711 1390 1824 mmm

120 1823 219 1884 exitii
237 1841 390 1884 caussam
410 1821 442 1884 in
454 1843 494 1883 eo
511 1825 709 1902 agnovimus
727 1822 816 1902 quod
834 1823 932 1885 certis
950 1823 989 1882 iis
1002 1819 1173 1902 principiis
1185 1821 1232 1880 in·
1256 1841 1386 1918 liberarer.

119 1927 323 2006 stitutisque‚
340 1925 460 2006 quibus
478 1928 519 1988 ad
537 1927 752 1989 christianam
782 1926 882 1989 fidem
910 1925 1059 1988 munitur
1083 1925 1146 2000 via,
1173 1944 1229 1985 ne·
1256 1905 1389 2032 {5522}

119 2029 238 2110 glectis
255 2031 379 2110 passim
397 2039 429 2092 et
447 2051 551 2112 prope
566 2033 780 2113 contemptis,
795 2030 899 2094 libido
916 2031 1111 2094 invaluisset
1127 2052 1227 2093 nova·
1256 2037 1356 2100 ideoque

121 2153 195 2194 rum
228 2153 347 2211 rerum,
374 2155 470 2215 quae,
507 2155 564 2215 per
595 2135 739 2216 speciem
773 2135 1016 2216 progredientis
1047 2135 1228 2210 doctrinae,

121 2237 307 2317 sapientiae
323 2259 342 2300 a
360 2238 434 2300 Deo
451 2240 594 2302 traditae
621 2240 799 2303 obsisteret
827 2251 859 2301 et
880 2250 1089 2320 repugnaret.
1108 2239 1229 2321 Neque
1251 2221 1387 2320 ᾗζζῖᾗῗέἴ

119 2340 169 2402 ita
186 2340 387 2405 laboriosum
406 2343 468 2406 suit
483 2354 674 2424 opportuna
700 2343 846 2406 indicare
872 2345 1029 2420 remedia,
1045 2343 1154 2407 fontes
1180 2345 1228 2406 ni·
1247 2336 1381 2465 micis*

119 2445 241 2506 mirum
259 2465 439 2527 germanae
463 2447 636 2509 doctrinae
665 2447 751 2508 male
776 2449 925 2510 desertos
943 2449 1047 2528 repeti
1064 2459 1227 2530 oportere.
1255 2474 1324 2516 sunt.

120 2545 162 2608 Id
187 2547 259 2610 Nos
288 2550 430 2632 primum
465 2550 582 2614 litteris
613 2551 702 2614 datis
734 2552 912 2632 encyclicis
939 2553 1080 2616 Aeterni
1109 2553 1228 2616 Patris
1256 2533 1406 2648 mg'dfc'ffi

117 2655 368 2732 praestitimus3
394 2655 543 2736 pluribus
571 2657 693 2718 deinde
721 2657 929 2719 auctoritatis
958 2657 1103 2719 Nostrae
1134 2659 1226 2733 actis,
1255 2665 1356 2712 namin
1463 2713 1464 2716 ,

117 2757 370 2837 atqueprivatis
388 2759 489 2819 etiam
507 2779 581 2820 cum
609 2760 775 2840 episcopis
800 2767 832 2821 et
860 2761 1126 2826 moderatoribus
1153 2761 1224 2826 reli·
1253 2731 1405 2844 ἷὲἶῖῗυῇῗ

115 2857 287 2938 giosorum
306 2859 472 2924 Ordinum
490 2863 664 2944 colloquiis
682 2863 770 2926 idem
796 2865 929 2946 saepius
946 2865 1227 2945 confirmavimus,
1255 2861 1318 2973 &³le
1315 2863 1396 2974 5251!

116 2962 340 3026 deliberatum
367 2965 474 3028 Nobis
500 2985 572 3028 esse
595 2975 628 3028 et
651 2969 872 3028 constitutum
897 2971 1084 3033 doctrinam
1111 2971 1227 3035 Sancti
1246 2926 1278 2990 fi
1328 2943 1404 2985 Μ’

115 3065 273 3130 Thomae
289 3067 472 3150 Aquinatis
485 3071 516 3132 in
535 3069 665 3132 scholas
683 3091 799 3134 omnes
818 3094 973 3136 revocare
989 3097 996 3152 ;
1013 3095 1087 3138 eam
1105 3097 1228 3158 nempe

116 3171 306 3234 doctrinam
325 3193 425 3254 quarn
443 3175 576 3254 amplae
593 3194 806 3238 romanorum
823 3179 1023 3242 Pontificum
1042 3201 1227 3244 sacrorum-

116 3293 185 3355 que
210 3274 437 3340 Conciliorurn
462 3279 577 3340 laudes
594 3282 844 3356 commendant,
861 3293 893 3344 et
921 3303 996 3363 qua,
1022 3282 1226 3366 suffragante

114 3377 326 3441 saeculorum
344 3400 435 3456 voce,
451 3381 532 3444 nihil
544 3382 682 3445 solidius
696 3383 800 3463 possit
817 3394 874 3447 aut
892 3385 1091 3448 fructuosius
1108 3389 1225 3468 optari.

113 3513 160 3522 -
186 3480 271 3544 Rem
290 3483 363 3544 Nos
380 3484 488 3546 moliri
513 3495 545 3548 et
573 3486 698 3566 negotii
716 3497 750 3550 et
776 3487 899 3550 laboris
925 3489 1059 3571 plenam
1087 3491 1226 3553 omnino
1255 3501 1328 3557 opera
1339 3510 1393 3571 {0²²-

114 3583 356 3662 intelleximus,
372 3608 475 3669 quum
488 3590 572 3651 tanti
590 3587 725 3652 referret
738 3593 854 3673 quanti
871 3593 1061 3675 graviorum
1079 3594 1226 3676 discipli·
1246 3561 1406 3690 {fbffss'ff‘

116 3707 235 3750 narum
265 3709 370 3769 paene
396 3691 547 3754 omnium
574 3693 757 3756 instaurare
785 3697 973 3758 rationem:
1004 3716 1078 3759 eam
1111 3707 1224 3760 tamen
1255 3691 1377 3783 ‚nagere-

115 3799 285 3852 maturare
313 3801 347 3854 et
373 3813 490 3874 urgere
517 3796 764 3872 contendimus,
794 3818 896 3878 opera
924 3799 1026 3861 etiam
1059 3798 1224 3865 Ordinum
1251 3773 1395 3882 giwii,

112 3891 348 3974 religiosorum
374 3897 471 3959 valde
497 3897 624 3975 confisi,
651 3921 792 3982 quorum
814 3903 991 3985 explorata
1015 3906 1120 3968 virtus
1144 3907 1225 3969 nihil

112 3998 267 4080 prolecto
295 4021 403 4082 neque
420 4002 556 4083 ingenio
584 4023 690 4084 neque
706 4005 831 4066 viribus
852 4017 1003 4087 parceret
1019 4011 1062 4070 ad
1087 4010 1226 4072 consilia

112 4101 243 4166 Nostra
271 4103 418 4169 iuvanda
443 4117 476 4168 et
507 4103 720 4188 perficienda.
753 4106 831 4188 Quo
861 4112 997 4192 quidem
1025 4113 1057 4173 in
1087 4134 1226 4178 numero
1261 4193 1266 4202 ι

110 4207 232 4270 deesse
242 4227 308 4269 non
326 4217 458 4288 poterat
475 4207 588 4271 inclita
601 4209 751 4272 Societas
764 4211 863 4286 IESU,
876 4215 1000 4296 quippe
1010 4236 1096 4298 quae
1113 4228 1147 4282 et
1160 4217 1227 4282 late
1254 4196 1400 4305 §22:222ss

111 4319 231 4393 pateat
255 4311 289 4372 in
317 4311 466 4374 Ecclesia
489 4321 522 4375 et
547 4311 667 4375 studiis
691 4312 841 4378 deditam
866 4317 1074 4383 iuventutem
1104 4334 1225 4406 suopte
1245 4323 1311 4386 J‘w
1326 4323 1406 4371 adme

272 1403 513 1626 ERAVISSIME
545 1407 627 1481 Nos,
661 1427 722 1487 pro
749 1406 936 1486 apostolico
962 1405 1080 1480 officie,
1113 1403 1235 1467 infesta
1316 1431 1350 1476 30
