3222 4888
315 307 366 356 DE
395 306 545 357 STUDIIS
574 307 809 358 SCRIPTURAE
840 305 994 356 SACRAE.
1139 307 1209 376 217

100 464 220 528 saltem
247 461 397 526 humana
424 463 604 526 asserenda
630 463 663 524 in
691 463 807 544 primis
838 465 1108 546 vindicandaque
1134 475 1210 528 est:
1276 465 1345 567 pff}

99 569 221 652 quibus
252 587 297 628 ex
329 567 429 640 libris,
454 577 618 650 tanquam
645 587 690 630 ex
726 568 937 650 antiquitatis
965 569 1211 650 probatissimis
1277 555 1350 640 1892ss

101 671 252 746 testibus,
283 669 406 734 Christi
440 669 577 733 Domini
619 669 778 734 divinitas
809 679 843 732 et
874 669 1007 752 legatio,
1039 671 1211 734 Ecclesiae
1237 693 1365 752 consistat,

66 805 68 808 ·
101 773 326 836 hierarchicae
342 774 517 849 institutio,
531 775 694 856 primatus
712 773 811 837 Petro
827 784 861 836 ct
876 775 1124 838 successoribus
1140 775 1210 838 eius
1228 759 1392 890 22:122}sz

101 877 253 953 collatus,
269 877 302 940 in
331 887 403 940 tuto
431 889 615 961 apertoque
642 877 855 942 collocentur.
873 877 931 940 Ad
949 878 1011 942 hoc
1028 877 1210 960 plurimum
1238 890 1349 938 turriam

101 1004 184 1048 sane
199 983 373 1060 conducet,
389 983 416 1044 si
434 983 545 1064 plures
567 981 634 1046 sint
651 1001 670 1044 e
687 1001 781 1044 sacro
803 983 921 1045 ordine
939 983 1135 1063 paratiores
1154 981 1210 1064 qui
1237 955 1368 1084 ffj‘ffl‘

100 1089 165 1151 hac
192 1088 294 1150 etiam
322 1085 355 1148 in
380 1095 475 1167 parte
502 1107 562 1166 pro
589 1085 654 1148 lide
676 1086 838 1149 dimicent
860 1095 895 1149 et
911 1087 1057 1168 impetus
1073 1086 1211 1150 hostiles
1237 1087 1393 1163 {enutrirem

102 1191 309 1273 propulsent,
337 1191 444 1252 induti
473 1191 651 1272 praecipue
676 1198 845 1252 armatura
864 1189 938 1268 Dei,
961 1209 1063 1272 quam
1092 1191 1211 1252 suadet
1238 1150 1391 1266 {stiffi}

101 1294 291 1378 Apostolus
307 1293 361 1376 (¹),
377 1314 485 1376 neque
502 1313 580 1356 vero
595 1293 637 1357 ad
655 1311 743 1357 nova
766 1293 912 1356 hostium
929 1313 1022 1356 arma
1039 1301 1072 1355 et
1088 1292 1212 1374 praelia
1238 1290 1290 1398 ²³32
1301 1283 1391 1397 gfff·

101 1400 233 1464 insueti.
260 1398 360 1482 Quod
392 1399 528 1479 pulchre
545 1397 577 1460 in
595 1399 807 1461 sacerdotum
839 1395 956 1460 officiis
985 1398 1032 1460 sic
1060 1405 1210 1458 recenset
1238 1365 1393 1472 husam·

102 1504 385 1584 Chrysostomus:
403 1515 420 1568 t
440 1502 564 1583 lugens
580 1501 809 1565 adhibendum
826 1511 877 1564 est
893 1501 1043 1564 studium
1061 1511 1098 1563 ut
1117 1499 1211 1565 clzri-
1235 1481 1377 1595 mm·

101 1608 150 1672 sti
163 1607 296 1670 verbum
312 1605 434 1668 habitet
450 1606 484 1668 in
510 1604 600 1668 nobis
622 1603 832 1668 abundanter
851 1603 914 1686 (²):
930 1603 1143 1686 nequeenim
1169 1603 1210 1665 ad
1267 1659 1392 1708 Adonem

103 1731 209 1775 unum
227 1730 360 1792 pugnae
387 1729 492 1790 genus
518 1709 625 1790 parati
649 1729 721 1771 esse
748 1710 919 1787 debemus,
947 1708 1005 1772 sed
1033 1707 1211 1789 multiplex
1237 1733 1338 1789 paenae

103 1826 156 1878 est
171 1813 296 1877 bellum
314 1823 347 1876 et
364 1814 444 1876 varii
462 1824 539 1875 sunt
556 1811 691 1891 hostes;
709 1832 819 1894 neque
842 1813 961 1876 iisdem
978 1832 1098 1876 omnes
1114 1823 1212 1874 utun·
1236 1794 1393 1920 mxu,

103 1929 161 1982 tur
184 1917 295 1992 armis,
321 1935 428 1997 neque
455 1936 521 1977 uno
552 1924 683 1978 tanturn
713 1915 814 1977 modo
846 1916 1020 1978 nobiscum
1052 1913 1212 1997 congredi
1238 1921 1370 1969 sacerdotes

105 2020 299 2086 moliuntur.
316 2018 428 2100 Quare
444 2038 529 2098 opus
545 2025 605 2092 est,
622 2025 659 2079 ut
675 2017 702 2078 is
719 2017 867 2098 quicum
884 2018 1041 2082 omnibus
1057 2037 1213 2098 congres·
1240 1986 1383 2101 ,fimf

105 2145 204 2187 surus
219 2133 279 2200 est,
294 2123 444 2186 omniurn
474 2120 645 2184 machinas
671 2129 828 2202 artesque
851 2121 1004 2211 cognitas
1020 2121 1154 2204 habeat,
1178 2131 1214 2184 ut
1240 2117 1309 2168 nuit.

105 2231 198 2291 idem
215 2227 257 2289 sit
274 2225 466 2308 sagittarius
492 2234 525 2286 et
548 2222 707 2301 funditor,
731 2223 885 2287 tribunus
913 2234 946 2288 et
969 2225 1132 2306 manipuli
1154 2223 1214 2286 du-

104 2343 189 2406 ctor,
201 2331 273 2394 dux
283 2341 316 2394 et
330 2329 434 2406 miles,
445 2331 545 2410 pedes
561 2337 595 2392 et
610 2348 721 2410 eques,
737 2328 865 2390 navalis
880 2347 920 2391 ac
936 2329 1071 2392 muralis
1082 2349 1215 2410 pugnae

106 2435 255 2516 peritus:
280 2434 341 2498 nisi
367 2435 455 2497 enim
483 2453 601 2498 omnes
631 2433 814 2496 dimicandi
841 2442 930 2495 artes
957 2432 1095 2508 noverit,
1120 2432 1214 2495 novit

104 2539 260 2604 diabolus
277 2559 336 2620 per
349 2559 449 2602 unam
467 2547 606 2618 partem,
624 2535 651 2596 si
668 2533 741 2598 sola
764 2533 962 2616 negligatur,
989 2535 1215 2616 praedonibus

103 2644 175 2706 suis
192 2643 358 2718 immissis,
369 2664 448 2705 oves
460 2641 603 2722 diripere
618 2638 671 2724 (3).
685 2651 703 2707 t
716 2640 744 2702 F
745 2639 881 2702 allacias
896 2639 1044 2701 hostium
1061 2647 1216 2722 artesque

104 2749 139 2810 in
157 2747 220 2810 hac
236 2765 271 2810 re
286 2747 328 2809 ad
346 2745 613 2829 impugnandum
643 2743 844 2825 multiplices
871 2763 972 2824 supra
1000 2743 1214 2806 adumbravi·

105 2870 206 2914 mus:
232 2851 309 2925 iam,
336 2850 457 2931 quibus
485 2846 658 2928 praesidiis
689 2848 732 2910 ad
763 2847 995 2912 defensionem
1029 2848 1214 2920 nitendum,

104 2973 391 3018 commoneamus.
412 2953 534 3017 —Est
562 2955 706 3036 primum
730 2954 762 3016 in
779 2954 893 3018 studio
917 2955 1106 3037 linguarum
1124 2965 1216 3018 vete·
1256 2990 1291 3038 ln
1308 2988 1392 3052 Scrip-

104 3079 179 3120 rum
208 3057 419 3121 orientalium
448 3056 613 3139 simulque
635 3059 667 3120 in
685 3067 756 3120 arte
779 3077 882 3140 quarn
910 3069 1031 3122 vocant
1054 3060 1213 3122 criticam.
1239 3061 1313 3103 ’Μ
1324 3054 1367 3130 qd·

105 3160 294 3244 Utriusque
309 3161 355 3222 rei
372 3159 511 3222 scientia
538 3179 642 3242 quum
670 3159 772 3222 hodie
788 3161 821 3222 in
840 3181 966 3242 magno
982 3163 1025 3226 sit
1048 3164 1157 3244 pretio
1180 3173 1214 3226 et
1238 3135 1392 3234 limi&

102 3263 217 3340 laude,
232 3265 271 3326 ea
287 3263 402 3338 clerus,
419 3261 493 3344 plus
511 3263 663 3326 minusve
689 3283 749 3344 pro
766 3261 847 3325 locis
875 3271 908 3326 et
933 3261 1126 3326 hominibus
1154 3285 1213 3328 ex·
1240 3257 1392 3364 Z'ffljum

101 3367 238 3450 quisita,
264 3377 410 3443 ornatus,
435 3367 553 3429 melius
581 3367 703 3448 poterit
727 3369 828 3430 decus
853 3377 885 3430 et
913 3387 1034 3430 munus
1051 3367 1214 3430 sustinere
1239 3332 1347 3459 arthua-

101 3491 216 3546 suum;
229 3489 306 3532 narn
321 3471 393 3548 ipse
405 3469 516 3532 ornrria
525 3470 674 3533 amitibus
685 3469 728 3552 (4)
741 3469 809 3534 lieri
820 3469 1069 3550 debet,paratus
1082 3489 1215 3550 semper
1238 3447 1311 3560 m
1323 3451 1376 3558 ’ᾗ

101 3573 156 3640 ad
161 3571 419 3646 satisfirctrbnem
435 3573 527 3634 omni
536 3571 679 3653 poscenti
703 3573 863 3638 rationem
887 3574 927 3638 de
948 3595 1081 3657 eaquae
1097 3575 1133 3638 in
1149 3577 1216 3657 ipso
1239 3593 1282 3626 ars
1293 3548 1389 3626 cr’itica.

102 3684 156 3740 est
168 3687 221 3757 spe
244 3673 295 3757 (5).
326 3675 417 3756 Ergo
447 3695 560 3738 sacrae
586 3675 780 3758 Scripturae
808 3678 976 3760 magistris
1005 3698 1141 3741 necesse
1163 3687 1215 3742 est

104 3789 209 3861 atque
225 3779 402 3860 theologos
419 3779 571 3856 addecet,
587 3799 644 3842 eas
668 3779 799 3862 linguas
815 3783 968 3864 cognitas
998 3781 1119 3845 habere
1141 3781 1214 3864 qui·

104 3883 170 3944 bus
187 3881 259 3944 libri
286 3882 437 3944 canonici
466 3893 542 3945 sunt
569 3882 721 3963 primitus
747 3885 790 3946 ab
818 3884 1058 3969 hagiographis
1075 3885 1215 3964 exarati,

104 3987 313 4068 easdemque
327 3987 493 4067 optimum
513 3986 601 4050 lactu
630 3989 691 4050 erit
708 3987 734 4050 si
759 3989 874 4052 colant
890 3989 1016 4053 alumni
1037 3990 1216 4066 Ecclesiae,

105 4093 164 4173 qui
183 4093 377 4172 praesertim
396 4093 437 4154 ad
455 4092 667 4156 academicos
690 4091 881 4173 theologiae
908 4095 1033 4174 gradus
1057 4093 1217 4173 aspirant.

112 4209 299 4294 :Epa-vl,
320 4253 353 4296 13·
373 4253 440 4297 seqq.
466 4263 495 4272 -
520 4253 541 4284 a.
560 4239 609 4284 Cir.
635 4237 688 4284 Col.
711 4247 749 4290 111,
774 4239 809 4284 ιὰ
833 4261 863 4270 -
887 4250 909 4294 3.
926 4238 1077 4290 Desucmi.¹
1098 4244 1169 4294 1v‚4
1187 4262 1217 4272 -

103 4321 127 4360 4.
147 4307 339 4360 lCor.,tx.2a.
358 4319 423 4365 -5
442 4307 645 4366 [Petr.,111,15.
