3216 4880
398 297 470 365 3¹0
535 296 725 348 masnata
750 297 1010 352 apostoncae
1040 288 1058 316 ‘⁴
1078 295 1360 349 onrauranruu.
1375 273 1394 302 ”

381 445 541 522 membri,
564 456 774 528 augmentum
798 449 937 530 corporis
950 449 1041 528 facit
1067 447 1101 510 in
1125 445 1382 528 aedificationem
1403 443 1457 507 sui
1467 445 1497 506 in

396 547 533 610 caritate
548 548 600 632 (¹).
625 549 677 613 Ea
695 551 852 614 nimirum
869 552 1004 632 gloriari
1020 551 1117 615 unice
1146 559 1259 632 potest
1281 547 1405 613 Christi
1428 567 1498 610 vera

398 673 469 716 esse
499 652 660 732 Ecclesia,
680 654 714 716 in
739 673 807 737 qua
833 655 1008 737 aptissime
1028 655 1207 718 cohaereat
1223 674 1327 716 utrum
1341 664 1453 734 corpus
1474 663 1502 714 et

398 776 484 818 unus
497 755 636 838 spiritus
651 757 664 838 (
683 756 703 838 ).

277 875 371 952 Horta·
443 858 539 922 Haec
566 859 719 924 universa
743 869 776 924 et
793 861 934 944 singula,
950 881 1182 944 quaecumque
1199 869 1310 924 sunta
1328 859 1435 924 Nobis
1451 863 1501 924 de-

219 941 372 1068 “gem
398 971 497 1039 creta,
522 962 660 1026 minime
687 963 828 1028 dubium
856 967 936 1047 quin
959 965 1177 1030 Venerabiles
1208 965 1344 1028 Fratres
1366 963 1501 1028 Patriar-

256 1073 324 1120 suus
343 1077 373 1120 ut
398 1067 491 1142 chae,
506 1067 773 1152 Archiepiscopi,
791 1069 951 1151 Episcopi
964 1071 1083 1152 quovis
1093 1071 1248 1134 orientali
1261 1072 1327 1133 ritu
1339 1067 1503 1140 catholici,

218 1137 373 1252 ‘iareim‘
398 1193 514 1253 proca
531 1193 597 1256 qua
613 1183 785 1254 praestant
802 1183 874 1238 tum
891 1176 925 1238 in
944 1174 1150 1240 Cathedram
1169 1176 1405 1258 Apostolicam
1424 1174 1503 1238 etin

217 1267 354 1325 sarnanum
399 1275 473 1338 Nos
498 1276 632 1357 pietate,
660 1287 733 1342 tum
763 1297 897 1342 suarum
916 1279 1143 1344 sollicitudine
1160 1279 1399 1357 Ecclesiarum,
1415 1279 1505 1342 omni

398 1378 466 1441 sint
491 1379 678 1442 reverentia
701 1387 735 1442 et
751 1380 1045 1462 obtemperatione
1062 1383 1258 1464 suscepturi,
1274 1382 1376 1464 idque
1391 1378 1506 1444 sedulo

398 1479 548 1547 effecturi
574 1494 610 1548 ut
633 1485 828 1548 eorumdem
846 1487 1069 1562 observantia,
1085 1486 1128 1550 ab
1144 1487 1183 1550 iis
1200 1506 1342 1569 quorum
1361 1487 1507 1558 interest,

255 1627 374 1690 ,degan-s
399 1586 500 1668 plena
524 1598 757 1670 consequatur.
779 1625 823 1638 —·
840 1587 947 1671 Copia
964 1609 1043 1653 vero
1060 1590 1239 1666 fructuum,
1255 1609 1339 1672 quos
1356 1589 1439 1654 inde
1455 1609 1507 1652 au-

227 1735 230 1764 ,
251 1708 308 1741 vero
319 1693 374 1768 sats
399 1691 510 1771 gurari
528 1690 605 1754 licet
620 1700 653 1754 et
670 1693 740 1755 iure
754 1691 886 1774 optimo
902 1705 1092 1774 expectare,
1108 1693 1207 1756 valde
1223 1712 1268 1756 ex
1278 1713 1381 1776 opera
1393 1711 1507 1756 eorum

243 1763 375 1887 ,miii
400 1793 573 1874 proveniet
600 1794 661 1877 qui¹
685 1804 804 1877 gerunt
836 1815 1016 1877 personam
1049 1795 1210 1860 Nostram
1241 1815 1302 1879 per
1332 1794 1507 1860 Orientem

219 1895 280 2002 2215
285 1888 375 2002 ma
400 1896 628 1960 christianum.
641 1895 816 1979 Delegatis
833 1909 1012 1981 propterea
1028 1899 1236 1980 Apostolicis
1248 1899 1507 1964 commendatis-

239 2019 373 2094 ettenno-
401 2000 522 2063 simum
548 2001 703 2064 volumus
730 2012 766 2066 ut
792 2001 923 2066 illarum
951 2003 1107 2084 gentium
1134 1989 1258 2066 tradita
1284 2022 1303 2065 a
1327 2003 1508 2068 maioribus

222 2085 303 2213 {2223
311 2089 375 2197 5¹2⁰„
402 2103 555 2170 instituta
582 2106 709 2169 honore
734 2105 849 2169 debito
864 2117 1064 2171 vereantur:
1080 2107 1350 2170 Patriarcharum
1366 2109 1508 2171 auctori-

235 2225 290 2263 tum
302 2213 375 2290 Sedis
402 2215 507 2271 tatem
524 2227 591 2290 quo
607 2229 667 2292 par
682 2217 734 2272 est
749 2210 912 2292 obsequio
927 2210 1049 2288 colant,
1064 2210 1241 2275 colendam
1258 2219 1376 2276 curent
1390 2229 1399 2288 ;
1413 2221 1510 2293 atque

221 2279 378 2405 3ζῇἷέξῖ
403 2309 436 2372 in
451 2308 645 2388 [officiorum
676 2331 752 2375 cum
783 2311 832 2375 eis
862 2314 1119 2395 permutatione,
1145 2313 1322 2378 consilium
1349 2313 1511 2394 expleant

218 2410 362 2475 affuturi.
404 2413 581 2498 Apostoli:
597 2413 730 2479 Honore
746 2415 883 2480 inanem
887 2417 1133 2498 praevenientes
1143 2416 1186 2500 (3)
1200 2441 1207 2481 :
1223 2417 1415 2499 Episcopis,
1427 2415 1511 2480 clero

402 2527 436 2582 et
463 2519 588 2602 populo
612 2520 800 2593 studiosum
826 2540 865 2584 ac
892 2522 1146 2585 benevolentem
1171 2523 1321 2584 animum
1346 2521 1511 2604 probent;

402 2625 558 2687 eumdem
576 2624 675 2705 plane
691 2626 845 2708 spiritum
862 2625 895 2688 in
914 2645 949 2690 se
965 2625 1155 2703 relerentes,
1175 2645 1242 2708 quo
1256 2627 1404 2690 loannes
1417 2625 1509 2708 Apo·

403 2725 508 2790 stolus
535 2729 707 2810 agebatur,
730 2748 835 2811 quum
861 2729 1107 2813 Apocalypsim
1132 2729 1227 2794 dedit
1241 2738 1360 2811 septem
1374 2728 1512 2793 ecclesio

402 2841 576 2911 quaesunt
591 2832 626 2895 in
641 2832 738 2908 Asia,
754 2831 915 2914 inscripta
931 2833 1156 2898 salutatione:
1175 2832 1297 2898 Gratia
1308 2831 1514 2916 voboetpar

402 2932 444 2998 ab
466 2954 500 2996 eo
521 2935 580 3016 qui
592 2945 647 3010 est,
662 2945 694 2998 et
707 2935 859 3018 quierat,
873 2946 905 3000 et
918 2936 979 3020 qui
991 2946 1149 3001 venturus
1160 2946 1208 3001 est
1222 2937 1265 3020 (⁴)
1280 2961 1287 3001 :
1303 2937 1337 3000 in
1354 2939 1513 3020 omnique

405 3039 528 3119 agendi
544 3041 673 3103 ratione
688 3059 761 3102 sese
778 3050 950 3122 praestent
966 3041 1102 3124 eos,qui
1113 3061 1190 3106 vere
1203 3041 1394 3106 habeantur
1407 3041 1513 3106 nuntii

405 3141 499 3222 digni
534 3143 832 3227 conciliatoresque
866 3155 1002 3208 sanctae
1037 3144 1176 3209 unitatis
1208 3145 1293 3208 inter
1324 3141 1515 3210 Orientales

407 3245 575 3310 Ecclesias
600 3258 633 3310 et
651 3247 853 3325 Romanam,
869 3267 956 3330 quae
970 3259 1123 3313 centrum
1140 3249 1291 3312 eiusdem
1308 3259 1360 3313 est
1377 3251 1515 3313 unitatis

283 3381 381 3432 Eadem
407 3359 440 3413 et
464 3350 620 3416 caritatis.
643 3389 687 3400 -
704 3350 800 3414 Haec
823 3353 898 3434 ipsa
909 3349 1062 3416 similiter
1078 3351 1236 3430 sentiant,
1251 3353 1408 3417 similiter
1425 3374 1514 3436 pera·

229 3447 380 3562 ἱζζξθζέῖξ·
407 3464 498 3536 gant,
523 3453 657 3519 hortatu
685 3455 842 3539 iussuque
867 3453 1003 3534 Nostro,
1020 3457 1211 3521 sacerdotes
1228 3457 1333 3534 latini,
1349 3467 1516 3540 quotquot

244 3579 341 3655 rioribus
352 3579 381 3625 in
407 3560 440 3623 in
466 3562 591 3626 eisdem
615 3561 807 3644 regionibus
822 3563 974 3645 egregios
991 3563 1121 3628 labores
1137 3561 1262 3628 obeunt
1281 3563 1324 3626 ad
1342 3563 1514 3644 sempiter-

228 3648 382 3772 numi?
408 3683 485 3726 nam
513 3665 700 3730 animorum
727 3665 894 3731 salutem:
921 3667 1073 3748 religiose
1101 3667 1134 3730 in
1157 3667 1351 3730 obedientia
1369 3663 1515 3730 Romani

408 3767 579 3832 Pontificis
605 3770 846 3848 laborantibus,
869 3780 949 3834 tunc
966 3791 1045 3835 vero
1061 3771 1155 3837 dabit
1172 3771 1266 3851 Deus
1283 3771 1398 3853 ampla
1414 3771 1516 3834 incre·

408 3883 527 3937 menta.

262 4009 379 4057 p„,.„„.
451 3977 558 4060 Igitur
584 3999 815 4062 quaecumque
846 3979 897 4042 bis
925 3979 1045 4044 litteris
1062 3981 1281 4057 decernimus,
1296 3979 1515 4049 declaramus,

228 4075 294 4122 u'um
315 4073 379 4122 utu·
406 4081 582 4158 sancimus,
593 4069 640 4145 ‘ab
656 4082 812 4145 omnibus
829 4082 871 4146 ad
889 4101 973 4166 quos
985 4083 1130 4164 pertinet
1143 4081 1380 4146 inviolabiliter
1393 4081 1514 4144 servari

289 4155 379 4189 'mm
405 4185 559 4248 volumus
587 4206 625 4248 ac
651 4185 862 4261 mandamus,
887 4205 948 4249 nec
975 4207 1014 4248 ea
1043 4187 1163 4262 notari,
1190 4187 1222 4248 5¹¹
1250 4187 1512 4250 00⁰t¹⁰ves⁵5²¹¹¹

436 4331 454 4363 1.
475 4319 566 4375 Epicu,
587 4327 620 4368 ιν,
640 4331 674 4375 13,
694 4319 728 4362 16.
742 4341 772 4351 -
787 4331 807 4362 2.
826 4319 870 4368 lb..
889 4333 909 4374 4.
922 4341 950 4351 -
965 4333 986 4376 3.
1006 4317 1084 4371 Rom„
1103 4329 1152 4370 ΧΗ,
1173 4333 1239 4364 10.—
1256 4333 1278 4374 4.
1296 4319 1380 4378 Apte..
1399 4328 1418 4372 Ι,
1437 4335 1459 4374 4.
