3216 4880
613 713 853 786 Principibus
875 717 1102 790 populisque
1124 719 1322 778 universis.

442 894 1142 907 .................................................................

1478 822 1482 829 .

1478 842 1483 849 .

1479 862 1482 869 r

1479 882 1482 889 r

1150 902 1153 907 ,
1160 902 1272 911 ............
1294 902 1297 907 ,
1304 902 1358 909 ......
1365 904 1368 907 .
1375 904 1438 913 ,,,,,,

298 1099 327 1131 ,0
450 1059 801 1136 QRAECLARA
842 1047 1080 1128 gratulationis
1122 1050 1277 1133 publicae
1322 1054 1515 1128 testimonia,

265 1145 359 1260 w!
414 1067 598 1436 {DN
622 1169 708 1232 quae
724 1160 795 1212 toto
811 1151 980 1232 superiore
996 1173 1094 1230 anno,
1109 1154 1154 1217 ob
1171 1157 1369 1217 memoriam
1386 1157 1514 1236 primor-

478 1173 540 1330 Ρ
573 1209 599 1357 ξ
622 1255 753 1317 diorum
770 1252 983 1335 episcopatus
1000 1254 1125 1332 Nostri,
1151 1255 1298 1338 undique
1325 1259 1516 1340 accepimus,

491 1359 602 1434 acis
623 1374 775 1439 quaeque
792 1355 949 1438 proximo
966 1366 1118 1438 tempore
1134 1359 1274 1440 insignis
1293 1359 1516 1440 Hispanorum

255 1445 389 1572 ssfsljjsssz
417 1463 523 1542 pictas
550 1459 742 1535 cumulavit,
771 1456 873 1520 hunc¹
891 1459 1054 1542 imprimis
1081 1460 1225 1524 attulere
1253 1461 1360 1524 Nobis
1378 1461 1517 1525 laetitiae

263 1575 290 1622 oh
301 1590 388 1622 memo·
416 1563 572 1642 fructum,
588 1565 677 1647 quod
695 1563 728 1626 in
741 1562 799 1624 illa
815 1563 1034 1627 similitudine
1049 1565 1296 1647 concordiaque
1311 1567 1516 1631 voluntatum

258 1647 389 1752 ''mssj
417 1668 524 1730 eluxit
556 1665 727 1730 Ecclesiae
759 1667 879 1743 unitas,
908 1667 1046 1749 eiusque
1077 1686 1152 1729 cum
1185 1665 1348 1731 Pontifice
1374 1671 1517 1732 maximo

238 1770 391 1898 cmxi
418 1770 501 1834 mira
522 1770 721 1834 coniunctio.
749 1769 937 1833 Videbatur
949 1790 1010 1852 per
1040 1791 1097 1833 eos
1117 1771 1189 1833 dies
1213 1771 1302 1835 orbis
1330 1773 1518 1846 catholicus,

300 1902 391 1964 ,capg
417 1875 512 1957 quasi
528 1893 636 1938 rerum
653 1885 836 1937 ceterarum
850 1874 993 1956 cepisset
1004 1874 1137 1952 oblivio,
1150 1875 1183 1937 in
1196 1875 1336 1938 aedibus
1348 1875 1516 1940 Vaticanis

238 1966 389 2093 'fflssss‘gjsss‘
417 1978 572 2042 obtutum
591 1977 764 2042 oculorum
786 1977 958 2060 animique
984 1978 1225 2058 cogitationem
1246 1977 1419 2042 defixisse.
1438 1981 1518 2042 Prin·
1576 1961 1577 1988 ³

238 2099 389 2172 cafresn'mo-
418 2081 530 2161 cipum
548 2081 741 2164 legationes,
767 2083 1017 2164 peregrinorum
1045 2080 1241 2164 frequentia,
1257 2083 1379 2162 plenae
1404 2086 1519 2147 amoris

239 2177 293 2210 ²²¹⁶·
417 2182 588 2264 epistolae,
604 2187 834 2247 caeremoniae
846 2184 1078 2247 sanctissimae
1094 2185 1127 2246 id
1145 2194 1261 2265 aperte
1276 2181 1518 2264 significabant,

418 2285 451 2348 in
468 2287 630 2370 obsequio
654 2287 874 2370 Apostolicae
891 2287 989 2353 Sedis
1006 2308 1063 2350 cor
1079 2307 1183 2351 unum
1200 2307 1273 2350 esse
1289 2289 1447 2353 omnium
1474 2313 1519 2354 ca·

281 2427 390 2476 Cam,
418 2390 617 2454 tholicorum
642 2403 676 2455 et
694 2393 842 2456 animam
872 2411 982 2455 unam.
1008 2389 1104 2473 Quae
1126 2412 1177 2454 res
1193 2390 1256 2454 hoc
1273 2393 1376 2454 etiam
1407 2395 1519 2456 accidit

241 2508 392 2606 '‘1:22²'‘ss
417 2495 593 2559 iucundior
614 2506 647 2558 ct
663 2497 797 2578 gratior,
823 2498 902 2578 quia
918 2515 994 2558 cum
1015 2496 1161 2560 consiliis
1177 2494 1376 2578 coeptisque
1395 2495 1519 2559 Nostris

241 2625 270 2672 ὴ,
279 2623 306 2671 5,
320 2623 392 2670 gear,
418 2599 602 2661 admodum
615 2619 812 2682 congruens.
823 2599 996 2682 Siquidem
1008 2600 1103 2681 gnari
1114 2611 1302 2680 temporum
1314 2611 1349 2662 et
1360 2614 1519 2663 memores

240 2689 391 2816 θξζξὲζζθὲἑῗ
418 2700 526 2778 officii,
542 2702 575 2764 in
592 2703 684 2765 omni
709 2701 925 2785 pontificatus
952 2702 1068 2766 Nostri
1099 2722 1206 2780 cursu,
1236 2703 1300 2764 hoc
1331 2712 1520 2766 constanter

276 2825 392 2866 vasusesr
417 2805 653 2886 spectavimus,
668 2817 769 2889 atque
791 2807 1038 2888 hoc,quantum
1064 2806 1219 2869 docendo
1235 2807 1439 2887 agendoque
1469 2823 1519 2886 po·

259 2885 389 2997 ᾗζὲἱᾙ
417 2909 677 2986 tuimus,conati
701 2931 826 2988 sumus,
853 2911 1012 2991 colligare
1036 2909 1222 2974 Nobiscum
1252 2910 1377 2972 arctius
1408 2925 1520 2972 omnes

233 3015 387 3127 l‘fflvg}
415 3022 533 3093 gentes
548 3033 732 3096 omnesque
749 3013 902 3097 populos,
918 3025 1019 3096 atque
1036 3014 1068 3075 in
1086 3013 1268 3095 conspicuo
1299 3033 1429 3094 ponere
1459 3013 1519 3074 vim

273 3146 387 3206 „Qum
415 3113 630 3198 pontificatus
646 3119 786 3195 romani,
801 3119 982 3181 salutarem
1006 3119 1039 3180 in
1066 3137 1185 3180 omnes
1212 3127 1332 3198 partes.
1351 3116 1520 3178 Maximas

234 3211 343 3274 populos.
415 3221 516 3300 igitur
533 3231 566 3283 et
582 3223 714 3304 agimus
730 3233 763 3285 et
779 3222 942 3286 habemus
958 3222 1085 3303 gratias
1099 3221 1243 3303 primum
1256 3222 1396 3302 quidem
1410 3220 1520 3300 benig·

279 3325 386 3374 Graium
415 3323 512 3386 nitati
533 3325 676 3404 divinae,
690 3327 783 3389 cuius
801 3344 937 3388 munere
954 3324 1182 3408 beneficioque
1205 3326 1239 3388 id
1263 3324 1386 3387 aetatis
1411 3325 1519 3404 attigi·

269 3397 389 3504 {23:12²ss
415 3445 488 3489 mus
516 3427 723 3492 incolumes:
740 3430 862 3492 deinde
894 3429 972 3490 viris
993 3430 1209 3512 principibus,
1230 3427 1409 3509 episcopis,
1426 3429 1519 3501 clero¹

234 3521 386 3634 gffssque‘j‘z'a‘
414 3531 618 3613 privatisque
657 3532 827 3611 universis,
863 3542 1031 3616 quotquot
1071 3531 1248 3614 multiplici
1284 3530 1519 3595 testificatione

241 3604 384 3726 'tibicina
413 3635 548 3715 pietatis
574 3647 607 3699 et
623 3638 773 3720 obsequii
790 3638 912 3701 dedere
928 3656 1065 3718 operam
1090 3648 1126 3700 ut
1144 3656 1323 3718 personam
1339 3655 1381 3699 ac
1411 3637 1520 3717 digui-

235 3723 304 3764 Μ’
413 3745 517 3799 tatem
532 3737 692 3803 Nostram
709 3741 844 3816 honore,
861 3738 1000 3820 Nosque
1015 3739 1172 3820 privatim
1189 3747 1384 3820 opportun0
1399 3737 1519 3799 SOlallO

412 3839 589 3907 afficerent

271 3983 383 4032 gaam„
456 3948 672 4032 Quamquam
703 3947 745 4011 ad
777 3948 915 4030 plenum
938 3946 1151 4029 solidumque
1182 3943 1352 4019 solatium,
1374 3945 1515 4007 multum

234 4053 381 4123 raman'mr.
410 4070 490 4114 sane
507 4051 620 4114 deluit.
648 4049 738 4112 Nam
760 4051 846 4112 inter
862 4049 952 4130 ipsas
978 4049 1147 4132 popularis
1172 4049 1321 4111 laetitiae
1351 4047 1516 4127 studiique

233 4113 342 4225 2⁰55&
409 4153 678 4236 significationes,
693 4154 934 4218 obversabatur
944 4157 1059 4216 animo
1076 4153 1256 4216 multitudo
1266 4153 1396 4234 ingens,
1411 4152 1446 4214 iu
1463 4153 1516 4212 illo

233 4245 356 4356 iiiiii?
408 4259 624 4340 gestientium
657 4258 899 4323 catholicorum
927 4279 1091 4323 consensu
1122 4257 1241 4334 aliena,
1271 4257 1395 4339 partim
1426 4253 1512 4336 quod

315 1313 391 1361 Laeto

255 1394 341 1426 anzmo
353 1395 389 1426 re·
