3222 4888
377 289 450 358 204
495 288 594 340 urm.
617 289 773 340 aucucc.
798 277 819 307 ‘⁴
838 290 1210 344 rnovrnsurrssnrus
1231 293 1340 345 naus.
1362 271 1381 298 ’'

374 441 455 504 tiam
475 465 482 504 :
500 442 531 504 id
562 441 652 523 quod
682 443 895 524 Augustinus
918 443 1063 525 pervidit
1078 443 1267 526 diserteque
1295 447 1407 526 arguit
1430 447 1481 528 (ἲ),

374 553 474 624 atque
492 565 543 607 res
560 545 631 626 ipsa
648 544 826 610 confirmat
853 547 1218 628 praestantissimorum
1236 550 1269 612 in
1291 551 1479 614 oratoribus

375 649 485 724 sacris,
500 649 556 729 qui
584 669 705 712 nomen
733 670 831 713 suum
860 651 1015 714 assiduae
1032 651 1216 716 Bibliorum
1244 655 1480 718 consuetudini

375 753 516 834 piaeque
533 753 742 816 meditationi
759 775 794 816 se
823 757 1000 839 praecipue
1025 755 1157 833 debere,
1185 758 1270 838 grati
1290 757 1366 821 Deo
1394 757 1481 822 affir-

376 866 518 920 marunt.
1058 843 1062 852 “

236 1002 350 1050 Divinae
420 960 516 1043 Quae
532 961 646 1022 omnia
664 959 714 1025 Ss.
732 961 847 1023 Patres
863 959 1056 1042 cognitione
1073 970 1107 1024 et
1123 982 1184 1024 usu
1202 983 1306 1046 quum
1324 965 1482 1046 explora-

239 1069 350 1116 Litterae
376 1065 505 1126 tissima
533 1064 704 1141 haberent,
726 1084 897 1146 nunquam
926 1077 1100 1129 cessarunt
1128 1067 1160 1128 in
1193 1067 1316 1129 divinis
1344 1068 1485 1131 Litteris

212 1149 351 1257 emis&
376 1189 558 1252 earumque
571 1168 732 1232 fructibus
746 1169 987 1235 collaudandis.
1002 1170 1070 1234 Eas
1080 1170 1251 1233 enimvero
1264 1171 1388 1234 crebris
1401 1172 1485 1235 locis

195 1265 246 1378 ἐξ·
260 1265 349 1378 clm·
377 1271 548 1355 appellant
565 1273 617 1334 vel
634 1272 828 1336 thesaurum
846 1260 1148 1358 locupletissimum
1165 1273 1392 1338 doctrinarum
1410 1297 1486 1339 cae-

172 1443 173 1448 ,
198 1395 303 1444 dantur.
376 1378 508 1440 lestium
526 1375 577 1458 (²),
593 1375 643 1439 vel
661 1396 822 1458 perennes
839 1377 948 1442 sontes
965 1378 1082 1442 salutis
1098 1377 1151 1462 (3),
1163 1377 1213 1439 vel
1227 1377 1273 1440 ita
1286 1389 1483 1460 proponunt

375 1486 470 1568 quasi
488 1495 583 1566 prata
600 1484 719 1548 fertilia
735 1495 768 1548 et
784 1487 1040 1550 amoenissimos
1056 1485 1183 1563 hortos,
1199 1486 1231 1548 in
1256 1486 1379 1568 quibus
1395 1507 1482 1568 grex

375 1589 562 1653 dominicus
579 1589 768 1652 admirabili
785 1592 887 1653 modo
904 1590 1072 1653 reficiatur
1083 1599 1116 1652 et
1132 1587 1319 1651 delectetur
1333 1588 1484 1672 (⁴).Apte

375 1695 499 1756 cadunt
516 1692 572 1754 illa
589 1691 621 1757 S.
641 1693 841 1774 Hieronymi
858 1695 900 1757 ad
920 1691 1148 1776 Nepotianum
1160 1691 1336 1754 clericum:
1357 1691 1483 1758 ‹Divi-

375 1815 436 1859 nas
452 1795 641 1876 Scripturas
658 1797 791 1878 saepius
808 1796 890 1878 lege,
907 1797 975 1860 imo
993 1815 1165 1878 nunquam
1182 1796 1225 1858 de
1243 1795 1399 1858 manibus
1413 1795 1481 1858 tuis

374 1919 468 1962 sacra
485 1899 583 1962 lectio
600 1899 789 1982 deponatur
805 1921 812 1978 ;
829 1901 920 1962 disce
936 1901 1025 1982 quod
1038 1901 1202 1962 doceas...
1217 1917 1328 1962 sermo
1344 1899 1483 1982 presby-

375 2006 436 2067 teri
454 2003 701 2086 Scripturarum
726 2005 868 2067 lectione
893 2005 1048 2068 conditus
1076 2007 1118 2067 sit
1135 2005 1211 2087 (5))
1231 2027 1239 2083 ;
1256 2007 1483 2088 convenitque

375 2108 542 2171 sententia
559 2107 591 2172 S.
606 2107 756 2190 Gregorii
769 2109 895 2190 Magni,
911 2129 979 2190 quo
990 2129 1088 2174 nemo
1105 2110 1288 2190 sapientius
1305 2119 1479 2190 pastorum

231 2213 278 2290 Ss.
293 2215 347 2261 Au.
377 2211 545 2274 Ecclesiae
572 2211 747 2294 descripsit
775 2231 934 2275 munera:
954 2213 1128 2278 (Necesse
1148 2222 1209 2290 est,
1225 2214 1342 2294 inquit,
1360 2223 1397 2276 ut
1421 2216 1480 2296 qui

190 2284 349 2406 ngrsrrezppppp
374 2317 416 2379 ad
433 2315 578 2380 officium
590 2315 848 2397 praedicationis
861 2315 1065 2392 excubant,a
1077 2335 1189 2379 sacrae
1200 2316 1353 2379 lectionis
1366 2319 1480 2380 studio

194 2410 348 2522 mm,
375 2442 440 2482 non
459 2423 615 2483 recedant
631 2419 684 2500 (⁶).
700 2433 716 2486 t
737 2454 778 2464 -
800 2420 866 2482 Hic
883 2428 995 2480 tamen
1015 2419 1095 2482 libet
1114 2420 1343 2501 Augustinum
1362 2421 1480 2484 admo-

211 2542 348 2602 semetipsas
375 2534 509 2586 nentem
528 2507 694 2599 inducere,
714 2523 845 2589 «Verbi
864 2522 927 2584 Dei
945 2523 1078 2584 inanem
1096 2543 1168 2584 esse
1184 2520 1367 2586 lorinsecus
1384 2543 1479 2604 prae·

209 2607 347 2732 gsssst'ffi
374 2629 567 2704 dicatorem,
583 2627 640 2708 qui
662 2645 728 2689 non
751 2627 793 2688 sit
819 2627 908 2688 intus
931 2626 1064 2688 auditor
1090 2626 1134 2709 (⁷)
1151 2643 1180 2704 t,
1199 2647 1345 2708 eumque
1369 2629 1479 2707 ipsum

220 2737 346 2783 altasar.
375 2733 573 2814 Gregorium
600 2733 700 2794 sacris
726 2730 1017 2793 concionatoribus
1043 2731 1314 2813 praecipientem,
1350 2739 1421 2798 tut
1444 2731 1479 2791 in

208 2801 347 2914 amp
375 2839 495 2900 divinis
511 2837 728 2910 sermonibus,
745 2835 937 2916 priusquam
955 2833 1028 2895 aliis
1044 2855 1101 2896 eos
1126 2835 1304 2916 proferant,
1320 2833 1481 2915 semetip-

195 2937 349 3045 “birinus
375 2963 429 3004 505
446 2943 670 3024 requirant,ne
686 2941 898 3020 insequentes
915 2937 1054 3000 aliorum
1074 2937 1160 3001 facta
1176 2957 1212 3000 se
1224 2939 1382 3001 deserant
1397 2937 1410 3019 (
1428 2946 1483 3018 )>.

224 3061 315 3124 erfecit
325 3070 349 3110 cr
374 3041 442 3106 Sed
460 3041 522 3103 hoc
540 3043 616 3119 iam,
632 3043 674 3104 ab
691 3037 849 3120 exemplo
874 3049 907 3102 et
931 3040 1136 3102 documento
1152 3039 1286 3118 Christi,
1302 3041 1359 3122 qui
1382 3042 1485 3122 caepit

195 3126 347 3254 &⁶²25ng
365 3147 478 3227 facere
489 3155 520 3207 et
534 3144 648 3222 docere,
658 3165 726 3206 vox
740 3143 923 3224 apostolica
937 3143 1003 3206 late
1020 3155 1285 3225 praemonuerat,
1296 3165 1363 3207 non
1375 3165 1482 3208 unum

196 3255 239 3304 tus
264 3257 345 3306 Τιἠιο·
373 3249 518 3314 allocuta
543 3249 771 3321 Timotheum,
788 3247 846 3310 sed
874 3267 1008 3310 omnem
1038 3248 1232 3312 clericorum
1250 3249 1414 3324 ordinem,
1437 3271 1481 3311 eo

198 3321 348 3437 ‘hfiss'fu'ss'ssj
374 3353 556 3416 mandato:
572 3350 714 3414 Arunda
730 3349 792 3413 tibi
805 3361 837 3414 et
850 3351 1022 3425 doctrinae,
1045 3353 1132 3414 insta
1147 3353 1182 3414 in
1205 3353 1272 3414 illis
1284 3376 1299 3428 ‚·
1323 3351 1380 3414 hoc
1393 3354 1484 3416 enim

224 3469 350 3568 uam
366 3457 504 3538 faciens,
519 3465 549 3518 et
573 3457 708 3537 teipsum
732 3456 863 3518 saluum
875 3457 990 3536 sacres,
1013 3466 1045 3517 et
1064 3478 1113 3518 eos
1136 3454 1195 3536 qui
1219 3463 1247 3517 te
1269 3455 1415 3519 audiunt
1430 3456 1485 3540 (9).

221 3585 348 3648 salvasse.
376 3561 502 3628 Salutis
519 3561 670 3642 profecto
686 3560 966 3641 perfectionisque
983 3569 1017 3622 et
1033 3559 1187 3640 propriae
1207 3569 1240 3622 et
1257 3559 1387 3622 alienae
1410 3563 1483 3623 exi·

196 3649 312 3762 ‘ibicum
324 3731 349 3763 a·
377 3669 443 3729 mia
460 3669 491 3728 in
510 3666 610 3728 sacris
629 3665 765 3730 Litteris
782 3675 916 3746 praesto
932 3674 1011 3726 sunt
1035 3663 1238 3738 adiumenta,
1253 3664 1425 3744 copiosius
1450 3667 1483 3728 in

197 3778 340 3844 lbmmque
379 3771 519 3832 Psalmis
543 3769 733 3844 celebrata;
760 3767 799 3828 iis
824 3776 948 3842 tamen,
969 3767 1025 3848 qui
1051 3769 1093 3828 ad
1119 3767 1232 3828 divina
1256 3765 1399 3849 eloquia,
1416 3789 1485 3832 non

408 3973 426 4004 1.
446 3961 482 4004 De
497 3959 569 4004 doctr.
592 3959 652 4009 chr..
666 3957 735 4007 1v‚6.
749 3969 769 4012 7.
789 3980 818 3989 -
833 3968 854 4001 2.
873 3955 896 4001 S.
911 3953 1006 4013 Chrys..
1020 3955 1047 4000 in
1066 3955 1134 4006 Gerr..
1144 3956 1204 4000 lrom.
1218 3967 1255 4006 ar,
1268 3965 1295 4002 2:
1316 3953 1376 3998 horn.
1397 3953 1434 4006 oo,
1451 3968 1489 4013 3:

376 4027 399 4074 S.
415 4030 487 4084 Aug..
517 4027 553 4071 Dc
565 4025 657 4084 discipl.
670 4027 731 4076 clar..
745 4038 765 4068 2.
780 4047 809 4056 -
824 4047 853 4056 -
868 4036 883 4080 3
901 4022 926 4068 S.
940 4022 1039 4074 Athen..
1050 4023 1146 4081 anseri.
1161 4035 1196 4080 59.
1211 4045 1239 4054 -
1254 4037 1275 4071 a.
1287 4021 1311 4066 S.
1324 4023 1400 4080 Aug..
1413 4037 1485 4069 serra.

376 4097 413 4148 2⁶.
427 4109 456 4152 er
465 4112 474 4146 ,·
483 4095 508 4140 S.
526 4096 619 4146 Arntn..
634 4093 661 4137 in
675 4093 712 4140 Ps.
737 4101 831 4144 cxvrn,
854 4105 922 4136 serm.
936 4103 972 4147 ιφ,
986 4103 1007 4135 2.
1022 4113 1050 4122 -
1066 4101 1087 4148 3.
1108 4090 1132 4135 S.
1155 4089 1231 4140 Hier..
1245 4089 1282 4133 De
1293 4090 1336 4134 vr'r.
1350 4090 1441 4140 cleric..
1455 4093 1488 4136 ad

378 4164 467 4223 Nepet.
477 4187 506 4196 -
521 4164 542 4207 6.
557 4163 579 4207 S.
593 4163 665 4218 Greg.
681 4161 725 4210 hl..
736 4160 822 4217 Regul.
829 4164 891 4218 past.
907 4158 941 4209 11,
955 4171 983 4202 rr
994 4159 1045 4212 (al.
1057 4155 1120 4216 cel:
1130 4157 1219 4202 Moral.
1235 4166 1310 4208 xum,
1323 4157 1354 4201 2⁶
1364 4157 1416 4210 (al.
1431 4161 1488 4216 14).

376 4259 405 4268 -
421 4249 441 4290 7.
461 4232 484 4276 S.
503 4231 576 4289 Aug..
589 4243 657 4274 serm.
671 4239 722 4286 179.
735 4241 795 4272 1,-
811 4229 831 4272 8.
851 4227 874 4272 S.
889 4225 971 4284 Greg..
986 4226 1031 4277 M..
1042 4226 1127 4284 Regni.
1138 4230 1198 4284 port.
1214 4225 1263 4276 ΙΙΙ,
1275 4237 1306 4281 ²4
1319 4223 1369 4282 (al.
1389 4225 1445 4283 48).
1460 4251 1491 4260 —-

376 4317 397 4360 9.
417 4303 431 4346 Ι
443 4301 514 4348 Tim..
531 4309 563 4351 tv,
576 4299 610 4343 16.
