3296 4886
314 1087 501 1140 ltthlLARt
525 1073 771 1137 misericordiae
794 1093 893 1137 sensu
910 1074 995 1140 solet
1012 1077 1163 1143 Ecclesia
1179 1103 1235 1146 eas
1331 1110 1346 1142 ι

326 1189 446 1262 gentes
460 1177 718 1261 prosequi,quas
729 1178 761 1239 in
773 1179 902 1260 gremio
913 1181 1162 1266 complexuque
1174 1205 1235 1250 suo
1301 1156 1375 1272 Ῠὲρῗ

123 1168 274 1464 ἐπὶ
327 1283 509 1365 aliquando
537 1282 674 1345 eductas
706 1291 740 1346 et
770 1281 970 1346 christianae
993 1287 1142 1350 veritatis
1162 1289 1234 1353 luce
1262 1323 1337 1372 Dp„
1348 1323 1412 1372 pm„

328 1385 554 1460 circumfusas,
568 1384 728 1447 luctuosis
739 1404 848 1447 rerum
859 1385 986 1450 vicibus
997 1389 1158 1454 violenter
1168 1413 1188 1456 a
1199 1414 1234 1457 se
1261 1388 1326 1464 nsex
1342 1389 1404 1438 Sue-

1261 1470 1313 1503 crae
1335 1469 1396 1516 gen·
1481 1468 1485 1476 ·

124 1493 274 1557 divulsas
289 1491 383 1556 videt
407 1500 442 1554 et
458 1491 490 1553 in
509 1489 627 1552 erroris
643 1489 797 1552 tenebras
822 1491 998 1556 coniectas.
1025 1493 1117 1558 Nihil
1144 1498 1232 1560 enim
1261 1525 1319 1579 tem,
1334 1535 1411 1583 quon.

122 1605 174 1658 cst
190 1607 261 1659 tarn
279 1615 390 1677 grave,
415 1613 517 1676 quam
544 1592 666 1656 divinis
691 1592 884 1656 muneribus
900 1595 1079 1678 despoliari
1095 1618 1162 1677 eos,
1177 1601 1234 1684 qui
1261 1585 1321 1700 ij?
1331 1584 1411 1700 effi?

124 1701 189 1763 illis
218 1701 352 1764 luerunt
376 1699 457 1762 olim
483 1698 645 1776 instructi,
671 1697 751 1760 nihil
780 1707 850 1762 tam
880 1701 1037 1766 miserum
1065 1723 1166 1786 quam
1191 1709 1232 1771 ad
1262 1717 1394 1791 insignem,

122 1802 267 1865 salutem
281 1801 414 1884 genitos
432 1801 465 1862 in
488 1799 659 1864 interitum
673 1798 747 1863 labi.
776 1800 918 1864 Ineunte
944 1803 1078 1867 saeculo
1102 1807 1234 1871 decimo
1257 1796 1410 1910 2221&

123 1915 234 1984 sexto,
266 1906 352 1969 sicut
369 1905 451 1968 alias
482 1904 636 1968 nationes
653 1924 718 1968 non
738 1924 871 1986 paucas,
887 1906 934 1968 ita
951 1907 1076 1972 illustre
1094 1909 1234 1978 Sueciac
1261 1927 1316 1962 ‘⁵³‘-

122 2029 266 2093 regnum
283 2008 476 2072 huiusmodi
487 2007 662 2071 calamitas
680 2009 825 2088 graviter
834 2007 983 2090 perculit,
999 2031 1102 2093 quum
1128 2014 1233 2078 flucti-

122 2116 187 2178 bns
215 2114 287 2177 eius
314 2112 535 2194 tempestatis,
562 2131 648 2194 quae
676 2131 734 2194 per
762 2112 794 2174 id
820 2122 955 2194 tempus
982 2116 1015 2179 in
1046 2117 1233 2184 Ecclesiam

121 2217 349 2292 desaeviebat,
366 2215 475 2279 avitae
491 2215 730 2296 patrimonium
749 2213 825 2278 fidei
842 2217 975 2297 penitus
999 2221 1178 2288 amitteret.
1193 2225 1232 2288 ln

120 2342 191 2405 quo
209 2323 290 2385 illud
309 2319 444 2402 quidem
467 2317 530 2382 suit
555 2319 706 2382 maxime
721 2320 913 2395 dolendum,
931 2326 1020 2405 quod
1047 2326 1232 2391 catholicae

119 2425 202 2490 fidei
218 2425 381 2490 iacturam
399 2423 521 2486 iaceret
550 2421 759 2485 nobilissima
785 2443 876 2504 gens,
901 2423 1044 2490 secunda
1060 2431 1231 2510 quondam

119 2539 316 2593 sanctorum
335 2537 442 2591 mater
467 2537 569 2608 atque
585 2524 695 2602 altrix,
706 2545 791 2608 quae
818 2529 910 2591 omni
927 2529 1107 2595 christiana
1133 2533 1232 2596 laude

119 2634 244 2715 iugiter
272 2632 439 2694 floruerat.
463 2629 590 2693 Verum
613 2641 786 2712 tamquam
819 2650 838 2693 e
868 2630 1043 2714 naufragio
1074 2633 1232 2719 reliquiae
1271 2651 1410 2702 Pusillam

119 2731 303 2820 supersunt
319 2735 428 2798 adhuc
445 2753 490 2796 ex
507 2733 648 2798 Sueciac
675 2735 819 2811 natione,
841 2736 898 2817 qui
913 2735 1070 2801 catholici
1086 2741 1231 2802 nominis
1258 2717 1411 2781 turegum

1258 2789 1282 2834 ci
1310 2784 1409 2832 carissi·

119 2838 350 2904 desertoribus
382 2837 531 2900 immixti
563 2838 727 2919 integram
765 2837 1029 2922 inviolatamque
1068 2843 1231 2907 maiorum
1260 2864 1299 2925 m?
1322 2849 1395 2926 εἴφ’

119 2935 260 3009 suorum
278 2942 378 3006 fidem
404 2949 537 3005 servant
553 2951 586 3005 et
599 2951 742 3006 tuentur.
760 2943 884 3006 Parvus
900 2946 1037 3027 quidem
1065 2946 1121 3010 ille
1147 2968 1231 3032 grex
1258 2913 1388 3028 ἐξίῃ

118 3061 153 3113 et
170 3049 206 3110 in
223 3045 418 3128 longinquis
434 3043 610 3107 submotus
627 3045 759 3126 pascuis
782 3054 816 3108 et
832 3046 908 3108 ideo
929 3047 1069 3112 fortasse
1090 3049 1232 3132 dignior,
1259 3045 1358 3122 Pasrqr,
1382 3061 1410 3093 Μ

117 3169 223 3235 quem
238 3148 309 3212 Nos
319 3159 495 3229 tamquam
511 3145 669 3210 dilectam
681 3147 776 3210 ovilis
788 3148 903 3212 Nostri
916 3161 1045 3232 partem
1056 3153 1233 3235 vigilanter
1256 3110 1369 3223 πέζις

117 3253 364 3326 custodiamus,
381 3253 413 3312 in
430 3269 575 3332 eumque
591 3249 754 3333 quidquid
777 3252 847 3316 eius
861 3253 963 3318 saluti
980 3275 1019 3318 ac
1044 3256 1135 3319 bono
1151 3259 1232 3322 utile
1257 3241 1386 3354 mss?

115 3375 196 3422 esse
226 3355 429 3419 arbitramur
459 3351 597 3416 solerter
633 3353 853 3420 conferamus.
886 3357 1101 3441 Quapropter
1127 3379 1229 3442 quum
1257 3371 1330 3430 dans,

17 3507 19 3536 ,
116 3459 336 3526 Venerabilis
364 3455 482 3522 Frater
509 3457 671 3521 Albertus
697 3459 804 3525 Bitter
820 3461 945 3525 Noster
967 3461 1000 3524 in
1026 3461 1146 3527 Suecia
1171 3463 1230 3527 Vi-

114 3568 232 3632 carius
259 3561 478 3644 Apostolicus
494 3562 661 3644 supplices
678 3564 720 3626 ad
734 3563 806 3628 Nos
819 3564 947 3628 litteras
958 3566 1097 3643 dederit,
1109 3567 1230 3651 quibus

115 3669 250 3754 petitur
265 3678 302 3731 ut
318 3666 479 3732 Sanctam
498 3665 675 3747 Birgittam
699 3667 835 3732 viduam
852 3689 897 3732 ex
922 3681 1065 3751 augusta
1089 3669 1230 3736 Sueciac

113 3775 237 3849 domo,
251 3769 465 3852 praecipuam
491 3768 595 3850 ipsius
610 3770 789 3834 vicariatus
805 3791 843 3835 ac
860 3772 963 3835 totius
980 3771 1120 3838 Sueciac
1137 3777 1230 3857 regni

114 3881 306 3946 Patronam
334 3894 491 3958 suprema
506 3877 706 3940 auctoritate
734 3876 860 3942 Nostra
887 3879 1142 3958 constituamus,
1157 3881 1230 3945 Nos

113 4001 224 4066 quum
237 3979 271 4042 id
289 3978 439 4060 apprime
455 3977 501 4039 rei
517 3975 702 4041 catholicae
716 3978 804 4043 illius
817 3980 961 4062 regionis
973 3981 1132 4044 interesse
1145 3983 1229 4046 iudi-

112 4103 246 4159 cemus,
270 4080 417 4146 admotis
455 4078 545 4141 hisce
576 4081 731 4162 precibus
768 4080 919 4164 benigne
951 4083 1229 4149 obsecundamus.
1335 4147 1336 4152 ,

114 4191 240 4271 Atque
256 4185 321 4248 hoc
339 4203 378 4246 eo
395 4181 552 4246 libentius
578 4181 718 4249 iacimus
744 4187 834 4269 quod
863 4205 930 4250 non
957 4207 1061 4268 parva
1077 4197 1128 4252 est
1144 4208 1229 4270 spes,

110 4311 222 4378 quam
242 4287 425 4370 repositam
456 4287 619 4352 habemus
636 4289 669 4352 in
687 4309 752 4373 ope
770 4297 877 4374 atque
890 4291 1127 4355 intercessione
1149 4311 1225 4354 cum
