3250 4888
272 299 323 348 DE
343 299 540 350 DOCTRINA
559 302 587 348 S.
609 298 771 348 ΤΗΟΜΑΕ
791 300 831 348 ΙΝ
852 299 927 350 SOC.
951 299 1047 348 IESU.
1147 299 1212 367 143

105 464 234 523 norma,
250 445 276 508 si
291 466 375 526 quae
393 446 539 510 incidant
567 447 609 509 de
638 455 727 510 recta
743 445 929 510 studiorum
946 445 1075 508 ratione
1091 465 1214 528 cogno·
1300 472 1335 517 30

104 551 232 613 scenda
266 551 502 632 quaestiones;
535 559 571 614 ut
602 551 750 632 ipsarum
790 549 998 633 exemplaria
1036 550 1215 626 sodalibus,
1281 518 1351 633 2952

105 663 276 737 quotquot
293 663 372 718 sunt
399 663 538 718 eruntve
564 655 802 730 moderatores,
831 654 883 717 vel
909 654 1096 718 studiorum
1120 675 1214 737 prae·

19 783 22 786 ·
105 757 194 837 secti,
218 757 269 822 vel
295 759 448 841 magistri
474 760 521 824 rei
553 758 762 840 theologicae
789 768 847 822 aut
874 758 1137 841 philosophicae,
1162 759 1213 823 vel

103 859 267 925 librorum
299 881 462 940 censores,
480 861 621 944 singulis
641 863 774 946 singula
800 863 974 925 tradantur
990 883 997 940 ;
1015 872 1051 926 ut
1068 863 1217 938 eaedem,

103 967 222 1030 statim
239 977 275 1028 ut
292 966 415 1030 allatae
431 976 536 1044 erunt,
553 967 702 1049 itemque
725 968 907 1049 quotannis
924 967 956 1030 in
974 967 1216 1030 instauratione

102 1071 304 1148 studiorum,
320 1071 353 1134 in
372 1071 522 1152 collegiis
538 1069 695 1134 omnibus
711 1073 763 1136 vel
780 1071 957 1134 domiciliis
969 1070 1147 1136 Societatis
1160 1071 1216 1134 ubi

102 1173 340 1258 philosophiae
367 1175 419 1238 vel
447 1175 639 1258 theologiae
673 1176 786 1240 studia
812 1175 976 1253 coluntur,
1008 1175 1141 1258 publice
1173 1175 1215 1238 ad

103 1297 259 1340 mensam
276 1278 438 1360 legantur.
1432 1363 1436 1372 ι

151 1382 307 1445 lamvero
323 1401 411 1464 quae
427 1383 548 1447 litteris
567 1383 659 1448 hisce
687 1384 821 1448 Nostris
836 1384 1081 1448 declaravimus
1099 1393 1131 1448 et
1149 1393 1215 1447 sta·
1241 1405 1264 1446 at
1280 1407 1360 1447 aucu-

101 1485 241 1562 tuimus,
268 1504 308 1548 ea
335 1486 448 1548 omnia
476 1495 547 1549 rata
573 1484 735 1570 firmaque
758 1487 791 1549 in
819 1507 920 1550 omne
936 1497 1070 1570 tempus
1086 1507 1214 1569 perma-
1241 1465 1374 1578 2:22qu

102 1595 212 1650 neant
229 1589 381 1652 :irritum
409 1597 522 1652 autern
551 1600 585 1653 et
612 1591 711 1654 inane
737 1591 884 1656 futurum
903 1591 1074 1668 edicimus,
1090 1591 1117 1654 si
1134 1592 1214 1674 quid

101 1691 277 1774 superbis
305 1713 324 1756 a
350 1712 520 1775 quoquam
537 1695 717 1777 contigerit
741 1695 920 1760 attentari:
936 1696 1110 1759 contrariis
1134 1695 1215 1759 nihil

105 1793 328 1859 obstantibus
343 1795 618 1879 quibuscumque.

156 1898 285 1963 Datum
304 1899 435 1964 Romae
450 1902 541 1983 apud
560 1901 592 1966 S.
612 1902 747 1966 Petrum
766 1903 828 1966 sub
843 1904 944 1966 anulo
966 1903 1146 1967 Piscatoris
1162 1904 1217 1967 die

99 2015 186 2065 xxx
200 2002 397 2070 Decembris
410 2005 844 2084 Mucccxct1,Pontificatus
857 2007 973 2070 Nostri
984 2026 1073 2070 anno
1085 2005 1217 2070 decimo

100 2101 236 2184 quinto.

612 2209 645 2274 S.
662 2210 776 2276 CARD.
793 2210 1128 2277 VANNVTELLI.
