3222 4888
415 293 486 342 222
542 291 639 343 cmc.
662 291 820 344 suevcu.
845 281 864 310 ‘⁸
884 288 1259 344 Pxovruaurrssruus
1279 292 1388 344 usus
1410 271 1426 297 '¹

415 377 1507 412 -...—,...—.r-.....„--........—..-.-..-.-..—..

413 454 449 507 ut
465 464 504 507 ea
520 445 634 508 omnia
661 465 767 528 eaque
794 445 865 509 sola
892 465 978 534 quae
995 447 1066 527 ipse
1091 446 1227 523 iuberet,
1251 455 1284 510 et
1301 459 1389 511 recte
1405 461 1505 512 ruente

412 549 635 631 conciperent,
665 560 698 614 et
723 547 864 612 fideliter
887 549 1099 612 ¹conscribere
1115 547 1248 626 vellent,
1263 561 1298 613 et
1313 560 1393 631 apte
1422 551 1505 614 inlal·

412 652 495 715 libili
520 654 660 717 veritate
690 653 937 734 exprimerent:
963 671 1068 729 secus,
1092 673 1158 716 non
1191 652 1263 735 ipse
1285 664 1374 718 esset
1403 665 1508 718 auctor

255 763 385 838 illustrate
412 777 526 822 sacrae
549 755 741 840 Scripturae
772 758 952 820 universae.
979 757 1055 820 Hoc
1084 767 1192 820 ratum
1217 777 1349 840 semper
1373 758 1508 824 habuere

232 893 261 943 S.
275 828 387 958 Agris
413 861 473 926 SS.
492 863 618 927 Patres:
635 874 653 928 t
676 863 806 945 Itaque,
829 863 876 925 ait
893 861 1115 942 Augustinus,
1131 881 1233 943 quum
1251 862 1298 924 illi
1315 864 1509 944 scripserunt

411 985 498 1048 quac
534 965 589 1030 ille
628 966 777 1030 ostendit
808 975 841 1028 et
868 965 966 1041 dixit,
997 985 1210 1047 nequaquam
1245 966 1428 1029 dicendum
1458 976 1510 1042 est,

411 1069 501 1150 quod
534 1071 605 1152 ipse
637 1089 704 1131 non
735 1067 928 1150 scripserit:
957 1068 1231 1148 quandoquidem
1265 1069 1418 1131 membra
1447 1069 1509 1130 eius

410 1173 444 1236 id
461 1185 599 1257 operata
625 1184 711 1248 sunt,
736 1174 827 1254 quod
854 1171 1003 1235 dictante
1028 1171 1140 1254 capite
1155 1183 1387 1253 cognoverunt
1404 1171 1449 1256 (¹)
1472 1188 1510 1242 u:

243 1279 305 1356 αἱ·
323 1277 381 1328 Gre-
410 1279 676 1362 pronunciatque
702 1275 736 1342 S.
761 1276 941 1357 Gregorius
970 1277 1042 1339 hl:
1074 1291 1090 1343 t
1116 1273 1201 1357 Quis
1233 1275 1315 1339 haec
1339 1277 1510 1359 scripserit,

229 1360 307 1409 gom,
409 1382 507 1447 valde
538 1402 782 1463 supervacanee
809 1381 987 1462 quaeritur,
1018 1399 1121 1461 quum
1153 1389 1268 1443 tamen
1299 1393 1420 1444 auctor
1442 1381 1509 1444 libri

410 1489 555 1571 Spiritus
572 1485 716 1553 Sanctus
728 1485 870 1550 fideliter
885 1487 1047 1548 credatur.
1064 1485 1140 1566 lpse
1157 1485 1258 1568 igitur
1274 1485 1356 1550 haec
1373 1487 1509 1571 scripsit,

409 1594 466 1676 qui
483 1591 658 1656 scribenda
685 1591 845 1654 dictavit:
863 1591 935 1673 ipse
961 1591 1092 1670 scripsit
1108 1591 1165 1673 qui
1193 1599 1226 1653 et
1252 1590 1285 1653 in
1303 1589 1391 1653 illius
1416 1613 1510 1674 opere

253 1712 382 1775 quaequi·
409 1697 589 1779 inspirator
603 1695 718 1760 extitit
734 1694 786 1777 (²).
803 1707 822 1762 l>
840 1692 1076 1776 Consequitur,
1092 1705 1128 1756 ut
1155 1694 1212 1777 qui
1229 1693 1262 1756 in
1279 1693 1361 1757 locis
1377 1698 1513 1760 authen·

257 1775 382 1825 ‹ramnul-
409 1801 484 1866 ticis
512 1800 689 1866 Librorum
715 1819 882 1862 sacrorum
912 1799 1087 1880 quidpiam
1116 1797 1191 1860 salsi
1221 1797 1386 1861 contineri
1421 1819 1512 1882 posse

254 1841 308 1890 lum
320 1843 384 1891 sinit

258 1907 287 1954 ὑ·
299 1907 382 1972 Smil·
408 1906 614 1984 existiment,
630 1905 652 1968 ii
669 1904 819 1986 profecto
834 1911 893 1965 aut
919 1902 1120 1966 catholicam
1137 1901 1271 1966 divinae
1286 1903 1511 1984 inspirationis

230 1978 384 2088 ,71:723an
410 2012 580 2076 notionem
598 2017 799 2091 pervertant,
814 2015 874 2069 aut
890 2005 1001 2069 Deum
1030 2006 1141 2086 ipsum
1168 2005 1287 2069 erroris
1315 2005 1444 2072 iaciant
1461 2029 1512 2072 au·

306 2128 383 2176 Hanc
408 2124 542 2180 ctorem.
577 2113 694 2195 Atque
732 2112 818 2174 adeo
855 2111 1008 2173 Patribus
1047 2109 1204 2173 omnibus
1236 2118 1270 2173 et
1309 2109 1511 2176 Doctoribus

230 2193 381 2306 mmm
407 2215 695 2298 persuasissimum
713 2213 784 2288 luit,
799 2212 930 2275 divinas
960 2211 1115 2286 Litteras,
1131 2209 1248 2292 quales
1264 2211 1307 2274 ab
1336 2212 1511 2297 hagiogra-

258 2339 318 2372 nam
332 2323 380 2372 Pa·
407 2319 482 2400 phis
498 2318 608 2382 editae
617 2327 704 2392 sunt,
719 2314 763 2378 ab
779 2315 871 2377 omni
894 2314 1035 2376 omnino
1061 2332 1170 2374 errore
1186 2333 1260 2377 esse
1276 2314 1456 2392 immunes,
1480 2327 1511 2380 ut

229 2389 381 2518 {2}erssss
406 2432 584 2506 propterea
599 2441 666 2485 non
684 2440 790 2502 pauca
807 2419 872 2497 illa,
887 2437 974 2502 quae
1000 2417 1157 2482 contrarii
1183 2417 1309 2500 aliquid
1335 2419 1388 2482 vel
1419 2423 1508 2485 dissi-

273 2520 378 2596 ΜΨ·
407 2527 485 2590 mile
500 2527 692 2590 viderentur
718 2522 835 2590 afferre
860 2522 1061 2604 (eademque
1078 2520 1145 2584 lere
1169 2530 1247 2584 sunt
1264 2541 1350 2604 quae
1376 2525 1509 2588 nomine

257 2589 380 2714 rith'ii
406 2651 513 2696 novae
528 2629 687 2694 scientiae
703 2648 790 2691 nunc
807 2624 993 2708 obiiciunt),
1010 2643 1075 2687 non
1101 2623 1267 2687 subtiliter
1283 2627 1396 2689 minus
1413 2647 1508 2712 quarn

229 2720 381 2844 “ffl'mj
405 2735 559 2818 religiose
574 2753 774 2816 componere
791 2732 878 2794 inter
901 2749 936 2792 se
952 2741 985 2791 et
1010 2728 1188 2791 conciliare
1204 2727 1396 2794 studuerint
1415 2753 1424 2810 ;
1441 2753 1508 2814 pro-

228 2844 255 2894 S·
269 2845 314 2894 Au
331 2847 383 2923 2⁰⁶²
405 2838 482 2902 lessi
500 2838 683 2914 unanimes,
700 2836 819 2900 Libros
835 2855 894 2897 eos
909 2843 943 2897 et
954 2835 1103 2914 integros
1119 2843 1152 2894 et
1170 2852 1228 2914 per
1244 2837 1509 2914 partesadivino

227 2910 376 3026 ,cgimss‘n
405 2962 512 3026 aeque
536 2961 609 3005 esse
634 2939 760 3017 afflatu,
788 2939 967 3019 Deumque
992 2937 1103 3018 ipsum
1135 2955 1195 3018 per
1220 2955 1333 3000 sacros
1357 2949 1508 3003 auctores

405 3047 574 3110 elocutum
600 3045 681 3109 nihil
713 3044 934 3106 admoduma
957 3039 1098 3102 veritate
1124 3039 1270 3102 alienum
1299 3058 1428 3120 ponere
1456 3063 1508 3126 po·

305 3161 307 3164 ’
404 3154 516 3234 tuisse.
554 3151 605 3216 Ea
636 3151 768 3214 valeant
800 3149 952 3210 universe
982 3165 1069 3228 quae
1100 3144 1188 3206 idem
1222 3143 1440 3226 Augustinus
1470 3147 1507 3210 ad

406 3257 653 3339 Hieronymum
683 3253 834 3334 scripsit:
871 3265 889 3318 t
917 3249 992 3332 Ego
1019 3249 1108 3311 enim
1138 3245 1246 3310 iateor
1269 3249 1403 3313 caritati
1428 3261 1507 3326 tuae,

402 3363 482 3426 solis
499 3361 547 3424 eis
564 3358 811 3442 Scripturarum
829 3357 920 3419 libris
948 3353 1004 3435 qui
1033 3352 1099 3415 iam
1116 3351 1270 3415 canonici
1287 3355 1506 3436 appellantur,

402 3465 504 3530 didici
520 3465 609 3528 hunc
626 3466 779 3526 timorem
796 3461 1025 3539 honoremque
1041 3455 1179 3531 deferre,
1194 3465 1231 3518 ut
1248 3455 1378 3520 nullum
1396 3477 1505 3523 eorum

339 3579 341 3582 '
402 3579 576 3633 auctorum
594 3566 770 3630 scribendo
793 3562 920 3646 aliquid
940 3580 1067 3623 errasse
1084 3557 1272 3622 firmissime
1289 3559 1435 3626 credam.
1459 3562 1506 3625 Ac

403 3675 429 3738 si
446 3673 573 3756 aliquid
590 3671 622 3734 in
639 3673 687 3736 eis
703 3669 874 3734 offendero
890 3666 1009 3730 litteris
1026 3665 1116 3746 quod
1135 3663 1288 3728 videatur
1303 3669 1504 3730 contrarium

402 3778 544 3856 veritati,
560 3775 641 3840 nihil
658 3775 748 3838 allud
766 3793 867 3856 quam
883 3771 936 3835 vel
963 3770 1163 3832 mendosum
1184 3787 1257 3830 esse
1273 3767 1435 3848 codicem,
1459 3769 1504 3832 vel

403 3881 618 3963 interpretem
636 3897 702 3940 non
730 3887 920 3940 assecutum
937 3891 1010 3936 esse
1028 3870 1117 3953 quod
1146 3867 1275 3933 dictum
1302 3880 1362 3948 est,
1379 3872 1431 3934 vel
1457 3891 1503 3934 me

403 3985 541 4050 minime
557 3983 764 4048 intellexisse
780 4002 846 4043 non
863 3979 1034 4060 ambigam
1051 3975 1103 4058 (³).
1121 3989 1139 4042 l

219 4049 375 4180 gtssshoss
446 4089 496 4152 At
520 4108 600 4150 vero
627 4087 718 4149 omni
743 4085 933 4168 graviorum
960 4080 1082 4144 artium
1108 4079 1333 4142 instrumento
1348 4100 1410 4161 pro
1433 4101 1502 4142 san·

433 4245 452 4277 1.
468 4233 504 4278 De
514 4243 626 4276 consensu
638 4230 766 4290 Evangel,
779 4229 793 4274 l.
803 4238 819 4280 1,
833 4242 853 4274 c.
867 4239 937 4286 35-
947 4239 968 4271 2.
979 4223 1063 4282 Praes.
1078 4221 1105 4266 iu
1116 4219 1163 4274 Iob.
1176 4233 1199 4267 n.
1213 4233 1235 4268 c.
1247 4235 1308 4280 —p
1322 4223 1368 4282 Ep.
1382 4233 1503 4272 Lxxxrm

402 4309 426 4348 et
437 4299 543 4348 crebrius
553 4299 617 4344 alibi.
