3216 4880
269 289 321 338 nu
351 289 455 339 From
484 287 687 339 musarum
714 287 972 339 couounamo.
1111 281 1181 353 273

80 437 291 518 evangelicae
307 440 493 520 sapientiae
509 448 560 502 est
575 440 714 502 omnino
724 459 855 519 expers,
862 440 984 522 partim
1001 436 1185 520 quodlicet
1241 454 1332 541 Iqum

80 540 259 606 christiano
278 543 411 606 initiata
428 545 565 617 nomini,
581 564 601 607 a
617 541 683 604 fide
699 542 863 605 catholica
888 540 1039 604 dissidet.
1056 539 1134 622 Qua
1149 560 1185 602 re
1249 553 1321 616 1894-

80 644 223 725 graviter
237 646 542 739 commovebamur,
557 665 828 709 commovemur:
846 645 1056 728 nequeenim
1074 643 1123 706 ias
1134 655 1185 707 est
1212 653 1338 714 ingentem

81 749 287 813 sine-intimo
299 750 422 814 doloris
447 771 547 814 sensu
577 749 818 830 cogitationem
852 749 1026 812 intendere
1052 749 1086 810 in
1112 759 1185 810 tan·
1211 717 1359 831 wlff

79 858 147 912 tam
165 853 294 933 generis
310 853 448 917 humani
474 863 604 936 partem
629 853 728 934 longe
760 874 778 914 a
806 853 923 929 Nobis,
946 853 1038 916 velut
1068 851 1185 916 itinere
1210 849 1352 961 mam

80 953 183 1032 devio,
214 955 470 1038 digredientem.
490 996 535 1006 -
550 957 715 1034 Iamvero,
745 977 821 1021 cum
851 957 917 1020 Dei
941 956 1186 1039 omnipotentis
1210 979 1333 1040 evangeii-

81 1051 167 1117 vices
198 1059 231 1119 in
263 1061 358 1123 terris
378 1079 545 1142 geramus,
565 1061 622 1142 qui
653 1061 725 1123 vult
756 1079 874 1122 omnes
893 1060 1048 1123 homines
1076 1059 1186 1122 salvos
1211 1046 1361 1156 52⁸2?

82 1155 149 1218 fieri
175 1165 209 1220 et
236 1159 279 1220 ad
304 1159 511 1241 agnitionem
540 1161 689 1224 veritatis
717 1159 839 1235 venire,
869 1177 1014 1240 cumque
1044 1159 1117 1222 Nos
1152 1166 1187 1220 et
1211 1145 1331 1222 dissluaen-

81 1275 153 1320 sera
168 1265 261 1321 aetas
273 1268 307 1324 et
318 1280 433 1323 amara
450 1279 603 1324 curarum
620 1261 663 1324 ad
680 1259 865 1322 humanum
888 1267 1028 1340 urgeant
1045 1258 1186 1332 exitum,
1211 1240 1306 1352 {2²:252
1316 1254 1354 1286 ‘⁶'

81 1361 187 1424 visum
204 1374 254 1424 est
280 1363 501 1446 redemptoris
533 1363 750 1445 magistrique
781 1363 886 1426 nostri
919 1361 1006 1425 lesu
1028 1361 1186 1425 CHRISTI
1213 1369 1282 1418 Fide.

82 1463 115 1522 in
132 1481 172 1524 eo
188 1463 310 1526 imitari
328 1463 534 1546 exemplum,
550 1463 640 1544 quod
658 1463 813 1544 proxime
831 1461 873 1524 ad
890 1461 1047 1524 caelestia
1063 1461 1185 1523 reditu·
1211 1435 1363 1547 mmss'e'fm

82 1585 137 1626 rus
156 1567 295 1629 summis
312 1567 466 1648 precibus
482 1587 502 1630 a
519 1567 594 1630 Deo
618 1567 716 1630 Patre
741 1565 914 1648 flagitavit,
930 1575 967 1628 ut
994 1564 1121 1628 alumni
1137 1582 1186 1626 se·
1211 1565 1341 1678 ‘Dusssvffi

82 1677 292 1752 ctatoresque
308 1671 359 1734 sui
375 1681 409 1733 et
426 1683 538 1734 mente
555 1679 589 1734 et
604 1671 718 1734 animo
735 1691 837 1732 unum
852 1669 1135 1750 fierent:R0go....
1151 1675 1190 1728 ut
1213 1695 1330 1757 ΝΜ

81 1795 189 1836 omnes
205 1795 308 1837 unum
319 1777 397 1852 sint,
410 1775 497 1838 sieut
510 1785 545 1838 tu
562 1775 669 1838 Pater
682 1776 718 1838 in
728 1797 786 1852 me,
801 1785 897 1856 elego
914 1775 948 1836 in
965 1785 1002 1852 te,
1027 1783 1109 1836 utet
1124 1772 1188 1854 ipsi
1212 1760 1352 1888 ijjn

83 1878 117 1938 in
134 1876 222 1940 nobas
237 1899 339 1941 unum
355 1879 425 1942 sint
439 1879 490 1960 (1).
514 1877 611 1961 Quae
621 1880 756 1961 quidem
774 1880 922 1960 precatio
932 1879 1187 1958 obsecratioque
1213 1890 1329 1938 imitatus

82 1981 195 2043 divina
212 1983 372 2062 quoniam
391 2001 458 2044 non
481 2003 539 2045 eos
561 1993 694 2046 tantum
719 1983 954 2063 complectitur
970 1982 1027 2064 qui
1048 1991 1128 2043 tunc
1154 1979 1187 2042 in
1215 1955 1343 2069 msa,

85 2085 204 2148 IESUM
222 2084 424 2148 CHRISTUM
440 2087 623 2162 crederent,
639 2087 697 2150 sed
715 2087 816 2148 etiam
840 2096 1007 2168 quotquot
1031 2081 1188 2148 credituri
1216 2087 1366 2200 mally

83 2189 210 2270 reliquo
222 2199 373 2272 tempore
396 2199 516 2267 essent,
533 2191 657 2254 idcirco
676 2191 735 2254 dat
751 2189 809 2252 illa
827 2191 934 2253 Nobis
950 2210 1104 2253 caussam
1121 2207 1188 2251 non
1211 2217 1305 2280 gantis,
1317 2222 1365 2264 m.

82 2295 231 2374 ineptam
247 2294 417 2375 aperiendi
434 2292 576 2357 fidenter
591 2305 671 2358 vota
691 2295 827 2373 Nostra,
842 2296 1062 2378 conandique,
1077 2293 1188 2377 quoad
1215 2281 1364 2396 zm?

83 2413 270 2476 possumus,
287 2403 323 2457 ut
333 2394 498 2470 homines,
514 2395 606 2457 nullo
619 2395 750 2476 generis
770 2394 963 2458 locorumve
989 2392 1191 2469 discrimine,
1216 2420 1358 2462 :mmm

83 2501 126 2562 ad
143 2496 220 2560 fidei
244 2498 379 2562 divinae
406 2500 570 2562 unitatem
599 2509 760 2564 vocentur
782 2511 883 2582 atque
910 2501 1094 2562 incitentur
1120 2498 1190 2560 uni·
1214 2480 1324 2607 ‘'m'‘

82 2601 178 2664 versi.

130 2704 280 2788 Urgente
298 2707 511 2788 propositum
522 2708 671 2782 caritate,
682 2727 767 2788 quae
789 2706 867 2770 illuc
878 2707 1021 2770 accurrit
1041 2706 1191 2784 celerius,
1239 2710 1351 2760 IPARs=

84 2809 141 2873 ubi
157 2808 345 2890 opitulandi
363 2810 544 2872 necessitas
567 2811 682 2887 maior,
698 2812 844 2892 primum
870 2813 1007 2891 quidem
1038 2810 1192 2892 provolat
1228 2796 1369 2912 §offla

84 2911 216 2976 animus
242 2912 284 2974 ad
323 2923 441 2992 gentes
468 2913 620 2975 omnium
650 2913 863 2990 miserrimas,
893 2933 980 2994 quae
1015 2913 1191 2995 Evangelii
1235 2929 1267 3004 aq
1281 2926 1352 2978 Fidei

85 3015 197 3078 lumen
225 3014 277 3076 vel
303 3015 395 3076 nullo
421 3015 524 3078 modo
547 3024 758 3096 acceperunt,
774 3016 825 3077 vel
854 3027 1040 3098 acceptum,
1067 3018 1193 3079 incuria
1226 3003 1356 3103 unitatem.

85 3140 143 3183 seu
160 3119 418 3200 longinquitate,
435 3119 664 3182 restinxerunt
683 3129 950 3200 :proptereaque
969 3117 1080 3182 Deum
1098 3121 1192 3202 igno·
1218 3093 1355 3221 {jfflm

84 3232 170 3300 rant,
185 3224 264 3285 etin
282 3242 417 3285 summo
432 3242 542 3285 errore
556 3231 739 3287 versantur.
756 3220 925 3304 Quoniam
940 3223 1030 3285 salus
1047 3224 1156 3286 omnis
1173 3243 1193 3285 a
1219 3222 1342 3286 Pontifex

86 3329 176 3392 Iesu
206 3325 374 3391 CHRISTO
392 3325 620 3407 proficiscitur,
636 3347 692 3388 nec
709 3325 798 3389 enim
818 3327 917 3390 aliud
936 3347 1048 3389 nomen
1069 3337 1117 3390 est
1133 3325 1193 3390 sub
1218 3289 1355 3416 affl?

82 3433 169 3498 caelo
192 3432 309 3496 datum
332 3431 525 3510 hominibus,
547 3432 582 3494 in
604 3453 666 3514 quo
686 3453 743 3496 nos
758 3442 903 3514 oporteat
923 3431 1124 3514 salvosfieri
1142 3433 1192 3516 (2),
1218 3420 1361 3548 mx

82 3547 240 3601 votorum
259 3534 460 3599 Nostrorum
477 3535 540 3599 hoc
566 3545 616 3599 est
642 3537 840 3611 maximum,
856 3557 954 3618 posse
978 3549 1192 3600 sacrosancto
1218 3557 1261 3610 res,
1274 3564 1351 3597 sacre

83 3641 176 3704 IESU
195 3641 330 3703 nomine
346 3650 484 3704 cunctas
500 3649 662 3702 terrarum
679 3639 797 3722 plagas
810 3641 962 3704 celeriter
975 3641 1079 3703 imbui
1091 3651 1193 3724 atque
1218 3615 1371 3730 {5322le

80 3743 256 3826 compleri.
272 3743 350 3826 Qua
365 3745 399 3808 in
416 3765 451 3808 re
464 3765 585 3808 munus
601 3743 729 3808 efficere
745 3745 808 3807 sibi
826 3745 1100 3809 demandatuma
1118 3746 1194 3809 Deo
1220 3753 1263 3794 ’κν
1274 3744 1354 3794 seomi-

82 3848 242 3914 Ecclesia
266 3850 403 3930 quidem
428 3849 522 3912 nullo
548 3857 702 3931 tempore
726 3849 959 3931 praetermisit.
987 3848 1078 3932 Quid
1105 3851 1193 3914 enim
1220 3827 1259 3861 ’κ’

80 3951 298 4033 undeviginti
309 3951 442 4015 saecula
455 3951 630 4028 laboravit,
639 3953 721 4036 quid
734 3955 802 4035 egit
813 3954 927 4016 studio
938 3956 1194 4036 constantiaque

81 4058 225 4134 maiore,
241 4076 342 4139 quam
372 4047 416 4120 ut'
435 4057 477 4120 ad
501 4056 677 4120 veritatem
706 4067 806 4138 atque
834 4058 989 4122 instituta
1014 4059 1195 4122 christiana

78 4171 206 4246 gentes
219 4162 425 4224 adduceret?
440 4159 620 4242 Hodieque
631 4160 822 4244 frequenter
835 4163 940 4226 maria
953 4164 1197 4240 transmittunt,

116 4311 138 4344 1.
159 4297 238 4348 loen..
257 4305 455 4346 xvtr,2o21.—
470 4307 491 4340 a.
510 4295 574 4358 Aet,
590 4303 624 4347 tv,
638 4309 673 4342 12.

138 4431 199 4473 Actu
213 4428 292 4473 Leonis
305 4429 375 4473 xm.
1043 4439 1068 4475 V.
1083 4456 1107 4464 -
1123 4436 1153 4475 18.
