3296 4886
422 259 469 350 58
547 279 737 331 masana
765 282 1023 366 nrosromcns
1043 271 1062 301 ‘¹
1080 284 1133 335 m)
1161 283 1374 334 uurvsnsss
1393 261 1411 290 ”

419 427 453 491 in
469 427 605 492 civitate
621 428 764 494 Manaos
790 440 954 513 perpetuo
977 430 1168 508 fundamus,
1184 449 1382 511 sacramque
1409 431 1525 495 aedem

418 530 537 595 honori
554 531 722 615 Deiparae
736 533 979 600 immaculatae
997 535 1099 600 modo
1115 534 1264 599 dicatam
1281 535 1324 598 ad
1343 533 1526 600 Cathedra-

419 633 459 698 lis
476 634 647 701 Ecclesiae
663 639 805 720 gradum
828 639 998 722 erigimus.
1016 637 1222 703 Huiusmodi
1247 646 1361 702 autem
1379 636 1527 703 Amazo-

316 757 393 806 Fines
419 759 499 802 num
514 739 686 804 Dioecesis
702 741 784 806 fines
801 742 834 804 in
850 741 938 807 hunc
952 741 1010 825 qui
1023 743 1174 825 sequitur
1187 742 1326 806 modum
1337 742 1528 806 statuimus:

275 821 393 938 ,fimf
418 842 461 906 ad
478 842 621 908 Boream
649 863 771 926 nempe
798 854 895 909 erunt
922 845 1127 934 territorium
1153 843 1299 928 Goyana
1326 842 1528 926 Anglorum,

241 960 294 1004 tur.
420 945 643 1029 Respublicae
659 949 702 1013 de
716 949 919 1028 Venezuela,
929 958 962 1014 et
980 969 1068 1014 nova
1084 947 1314 1014 Granatensis.
1330 948 1442 1013 -Ad
1459 947 1525 1014 Oc·

417 1072 532 1116 casum
551 1051 775 1134 Respublicae
796 1053 1013 1136 Aequatoris,
1041 1065 1075 1118 et
1104 1055 1301 1120 Peruviana.
1315 1089 1361 1103 -
1379 1053 1437 1118 Ad
1456 1053 1528 1118 Au·

416 1165 522 1219 strum
540 1157 744 1239 Respublica
760 1157 960 1221 Boliviensis
976 1167 1009 1222 et
1024 1159 1196 1223 Dioecesis
1207 1155 1450 1241 Cuyabensis,a
1463 1177 1530 1240 qua

416 1259 584 1324 dividetur
611 1259 805 1324 fluminibus
832 1257 1012 1343 Giparand,
1037 1261 1189 1344 Tapajoz
1216 1269 1294 1343 post
1313 1259 1413 1326 Ostia
1429 1259 1528 1322 Tres·

416 1363 537 1427 Barras
564 1383 668 1440 usque
692 1364 735 1428 ad
759 1363 1001 1429 confluentiam
1020 1365 1208 1447 Urugnata‚
1233 1364 1326 1448 quod
1352 1363 1386 1427 in
1403 1361 1528 1426 flumen

416 1468 567 1550 Tapajoz
582 1469 701 1552 influit.
715 1508 760 1521 -
770 1469 828 1534 Ad
846 1469 1019 1535 Orientem
1031 1473 1168 1535 demum
1180 1471 1304 1535 limites
1316 1480 1414 1534 erunt
1426 1468 1529 1533 Dioe-

415 1572 500 1634 cesis
516 1571 723 1636 Belemensis
738 1572 781 1638 de
799 1571 883 1636 Para
900 1573 1091 1656 perflumen
1104 1574 1309 1638 Rhamunda
1322 1593 1380 1655 per
1395 1582 1528 1638 montes

418 1675 593 1754 Parianus,
603 1677 692 1740 unde
704 1676 792 1740 linea
805 1678 1057 1761 rectasequitur
1068 1679 1227 1762 usquead
1241 1678 1370 1742 laevam
1382 1673 1530 1742 fluminis

415 1778 567 1863 Tapajoz
593 1801 611 1845 e
638 1783 774 1864 regione
797 1782 996 1848 confluentis
1019 1782 1248 1848 Tres-Barras.
1264 1782 1322 1847 Ad
1349 1779 1528 1846 efforman-

304 1904 391 1954 Novae
415 1884 499 1952 dam,
511 1894 624 1950 autem
641 1883 741 1949 aliam
767 1905 890 1950 novam
909 1885 1158 1967 Paraybensem
1176 1884 1380 1960 Dioecesim,
1395 1882 1529 1949 territo·

238 1971 392 2048 mm:
416 1987 500 2050 rium
528 1997 636 2052 status
658 1989 871 2070 cognominis
897 1998 932 2053 et
958 1987 1106 2053 fluminis
1134 1988 1248 2070 magni
1274 1987 1413 2064 nordici‚
1440 2003 1529 2068 quae

265 2036 389 2151 {m
417 2091 679 2156 Pernabucensis
696 2091 871 2156 Dioecesis
897 2102 1028 2175 partem
1055 2094 1089 2155 in
1116 2110 1275 2174 praesens
1305 2089 1529 2161 constituunt,

237 2165 389 2282 :⁶12ssss
416 2197 496 2260 item
512 2205 675 2278 perpetuo
691 2195 919 2274 distrahimus,
935 2196 1051 2278 illique
1067 2195 1296 2259 attribuimus:
1313 2193 1347 2256 in
1364 2189 1445 2255 urbe
1464 2191 1528 2253 Pa·

237 2297 388 2347 rmnsrdr·
415 2297 570 2380 raybensi
587 2297 720 2378 Sedem,
747 2309 780 2364 et
807 2301 840 2363 in
869 2299 1022 2363 Ecclesia
1049 2297 1291 2364 Sanctissimae
1318 2293 1452 2377 Virgini
1484 2293 1529 2356 ad

256 2369 388 2478 smus&
415 2402 519 2466 Nives
530 2411 722 2486 nuncupata
734 2402 928 2468 cathedram
941 2401 1179 2485 Episcopalem
1189 2399 1530 2476 tondamusdictam·

237 2494 387 2622 '5²³2'ng
413 2527 479 2589 que
493 2506 678 2571 Ecclesiam
695 2518 872 2590 propterea
894 2507 937 2572 ad
954 2505 1230 2572 Cathedralitatis
1257 2505 1427 2588 fastigium
1451 2523 1529 2585 per-

237 2623 348 2686 dame
357 2621 388 2671 12·-
415 2617 517 2690 petuo
550 2607 730 2672 evehimus.
758 2607 961 2672 Huiusmodi
992 2627 1071 2672 vero
1103 2607 1323 2690 Paraybensis
1353 2603 1531 2670 Dioecesis

238 2689 387 2804 mrim?
415 2709 537 2773 limites
555 2708 744 2776 Orientales
763 2718 797 2774 et
813 2710 971 2774 Boreales
988 2708 1163 2791 praefiniet
1180 2707 1345 2793 usquead
1361 2705 1449 2771 ostia
1466 2705 1532 2770 hu·

416 2811 515 2874 minis
533 2810 687 2876 Massord
703 2811 861 2878 Oceanus
877 2813 1080 2878 Atlanticus.
1097 2849 1140 2863 -
1166 2811 1224 2878 Ad
1249 2811 1417 2878 Occasum
1441 2807 1533 2873 limi·

414 2924 466 2979 tes
481 2925 578 2980 erunt
594 2925 715 2981 catena
736 2917 901 2981 montium
917 2916 1034 3000 Apadi
1050 2925 1084 2980 et
1101 2915 1237 3000 Pajeha,
1253 2915 1373 2998 quibus
1389 2934 1410 2978 a
1426 2912 1534 2977 Dioc-

414 3017 481 3082 cesi
499 3017 745 3084 Fortalexiensi
761 3021 938 3088 dividetur.
955 3057 998 3071 -
1013 3020 1069 3085 Ad
1089 3019 1252 3085 Austrum
1269 3019 1407 3082 tandem
1425 3015 1533 3080 Dioe·

415 3123 499 3186 cesis
515 3122 709 3188 Olindensis
736 3144 795 3207 per
821 3132 975 3190 catenam
1004 3125 1170 3188 montium
1189 3121 1325 3189 Cairiris
1340 3121 1482 3198 Velhos,
1498 3129 1536 3184 et

415 3243 474 3308 per
498 3235 652 3289 catenam
681 3227 845 3290 montium
865 3225 1061 3290 lmbulanos
1087 3225 1176 3290 linea
1198 3235 1289 3290 recta
1304 3225 1348 3289 ad
1365 3223 1452 3287 ostia
1469 3221 1535 3287 flu·

417 3327 515 3392 minis
532 3327 676 3411 Goyana
692 3327 775 3393 fines
790 3339 897 3395 erunt.

276 3474 389 3530 Am,
460 3433 517 3497 Ad
529 3443 657 3516 partem
675 3453 754 3498 vero
781 3433 974 3498 Australem
991 3430 1083 3516 quod
1098 3432 1229 3508 attinet,
1244 3431 1343 3495 huius
1356 3429 1537 3512 Metropo-

239 3541 390 3622 lisprovin·
417 3536 511 3602 litam
534 3539 768 3602 constituimus
793 3547 826 3602 et
850 3537 1059 3602 declaramus
1072 3536 1272 3602 Antistitem
1290 3534 1406 3600 Sancti
1420 3531 1534 3600 Seba·
1614 3499 1615 3592 l

241 3605 392 3736 ffiffi
416 3641 516 3704 stiani
534 3639 698 3706 Fluminis
713 3641 873 3722 Januarii.
902 3639 1140 3724 Episcopalem
1157 3639 1282 3705 idcirco
1294 3637 1381 3703 illius
1398 3636 1533 3704 Sedem

259 3736 391 3852 ‚Wjssdt
418 3755 451 3809 et
477 3743 692 3821 Cathedram,
728 3743 930 3827 Episcopalc
966 3763 1099 3820 nomen,
1136 3751 1273 3819 statum,
1311 3750 1468 3805 naturam
1497 3749 1538 3806 et

239 3819 365 3872 sagnam.
419 3847 598 3914 essentiam
626 3845 901 3913 Cathedralitatis
918 3846 960 3911 ad
988 3844 1145 3910 effectum
1162 3843 1395 3926 infrascriptae
1419 3861 1539 3908 novae

419 3951 596 4016 erectionis
621 3951 822 4034 Apostolica
859 3951 1059 4016 auctoritate
1097 3949 1336 4033 supprimimus
1360 3957 1395 4012 et
1416 3947 1539 4012 extin-

419 4055 562 4137 guimus,
588 4056 764 4139 ipsamque
803 4055 846 4120 ad
873 4053 1129 4120 eminentiorem
1155 4050 1439 4134 Metropolitauae
1466 4049 1540 4115 Ec·
1614 4111 1615 4116 ,

302 4167 306 4177 ’
418 4157 540 4223 clesiae
562 4159 703 4242 gradum
731 4159 981 4244 etdignitatem
1007 4157 1078 4242 pari
1105 4155 1306 4240 Apostolica
1329 4153 1542 4220 auctoritate

421 4272 583 4348 perpetuo
604 4263 823 4344 extollimus;
849 4265 897 4329 ita
912 4275 949 4330 ut
965 4264 1038 4348 ipsa
1054 4281 1099 4328 ex
1116 4280 1204 4326 nunc
1225 4259 1384 4342 deinceps
1403 4257 1546 4324 Metro·
