3222 4888
423 276 490 361 176
605 293 784 344 nnrsronn
814 281 835 308 ‘⁴
854 295 1005 344 Gnarus
1032 293 1306 344 venenantur.
1329 271 1346 296 '⁸

267 453 391 500 Ecclesiae
415 455 546 526 arroget
582 446 740 527 loquendi
771 446 841 509 eius
870 447 1006 510 nomine
1045 447 1206 510 adversus
1244 447 1445 510 documenta
1479 457 1505 508 et
1577 451 1578 458 ’

238 532 390 642 ζζῖἴῗῆζῖη
417 548 620 630 praescripta
636 549 723 612 illius
739 550 796 630 qui
815 549 986 612 Ecclesiae
1002 550 1152 612 eiusdem
1170 559 1262 612 tutor
1279 559 1312 612 et
1337 547 1445 630 Caput
1459 557 1507 612 est

246 648 391 776 gabim
418 651 580 716 Putamus
595 652 751 735 equidem
769 653 960 717 huiusmodi
989 655 1152 730 homines,
1178 655 1235 736 qui
1264 663 1334 718 tam
1363 655 1508 718 audacter

270 779 392 827 Ecclesiae
417 755 621 836 indigneque
637 777 671 819 se
688 766 817 838 gerunt,
833 757 1001 820 neminem
1027 757 1060 819 in
1087 755 1205 822 Galliis
1223 768 1411 840 reperturos
1427 777 1509 820 veros

237 844 390 972 ffe'jt‘ca'
417 861 503 923 inter
530 859 702 924 Ecclesiae
727 859 822 936 filios,
850 863 906 943 qui
933 883 1047 925 eorum
1080 863 1282 926 sententiam
1314 866 1433 944 probet
1461 873 1510 925 aut

333 946 339 956 ’
418 964 566 1027 imitetur
581 965 749 1048 exempla.
778 965 950 1030 Ecclesiae
977 965 1066 1028 enim
1092 967 1161 1029 veri
1191 967 1337 1030 nominis
1364 966 1448 1030 filios
1463 988 1510 1030 eos

417 1069 487 1133 iure
511 1089 695 1146 censemus,
721 1071 779 1152 qui
805 1071 991 1152 praenobili
1020 1073 1109 1135 bono
1135 1072 1305 1154 religionis
1333 1084 1367 1135 et
1394 1071 1510 1153 patriae

418 1173 564 1255 privatas
595 1176 780 1238 sententIas
811 1175 1039 1256 utilitatesque
1070 1175 1263 1257 posthaberi
1302 1174 1393 1238 haud
1424 1195 1511 1256 aegre

418 1279 598 1359 patiuntur.
619 1277 763 1342 Istorum
781 1279 920 1343 minime
936 1280 1139 1362 ambigimus
1151 1281 1231 1361 quin
1249 1278 1376 1343 dociles
1393 1281 1512 1342 animos

418 1381 628 1464 solidamque
644 1383 802 1447 virtutem
819 1393 853 1446 et
871 1383 963 1447 Deus
988 1383 1110 1466 amplis
1138 1391 1290 1447 muneret
1307 1383 1473 1466 praemiis,
1486 1389 1513 1444 et
1579 1403 1580 1416 ³

418 1485 496 1549 boni
513 1503 631 1547 omnes
648 1483 792 1566 probent
806 1485 991 1568 meritaque
1003 1483 1143 1549 efferant
1154 1484 1262 1550 laude.

462 1589 587 1673 Pignus
604 1591 730 1656 interea
747 1591 946 1674 praecipuae
973 1591 1226 1654 benevolentiae
1252 1589 1407 1669 Nostrae,
1434 1589 1516 1671 Apo-

418 1694 570 1759 stolicam
596 1695 866 1759 benedictionem
894 1695 965 1771 tibi,
990 1693 1112 1758 dilecte
1138 1692 1183 1756 fili
1211 1693 1344 1770 Noster,
1372 1694 1462 1756 clero
1490 1703 1518 1754 et

418 1797 571 1864 fidelibus
587 1809 666 1864 tuae
681 1799 845 1863 curationi
862 1798 1059 1876 commissis,
1082 1818 1127 1861 ex
1154 1799 1222 1862 imo
1250 1797 1351 1861 corde
1376 1797 1516 1879 imperti·

419 1923 503 1967 mus.
1580 1889 1581 1898 ἵ

464 2008 590 2072 Datum
640 2007 770 2072 Rornae
819 2009 909 2090 apud
950 2008 982 2073 S.
1023 2007 1157 2071 Petrum
1197 2008 1252 2070 die
1291 2019 1334 2069 111
1375 2001 1516 2087 Augusti

419 2125 649 2188 Mncccxcm,
666 2111 884 2176 Pontificatus
899 2111 1015 2176 Nostri
1032 2132 1122 2175 anno
1137 2110 1270 2175 decimo
1286 2118 1398 2174 sexto.

1125 2289 1219 2354 LEO
1245 2289 1308 2353 ΡΡ.
1333 2287 1440 2352 XIII.
