3250 4888
533 320 558 371 Α
584 317 703 372 sacnn
729 317 900 372 nnuma.
1226 294 1273 384 87

155 475 262 554 tituli,
291 497 378 558 quae
404 494 493 540 nunc
516 475 674 552 existant,
699 476 731 540 in
755 475 842 538 hanc
870 473 1002 539 unicam
1026 482 1060 536 et
1083 474 1272 536 universam
1329 485 1425 580 stgtm

157 579 362 646 coalescant
394 581 595 663 Excipimus
631 589 744 645 tamen
777 580 950 663 religiosas
982 578 1272 662 Congregationes
1337 583 1410 646 189²·

157 683 262 750 hulus
286 685 385 764 tituli,
400 705 488 768 quae
511 685 808 750 constitutionibus
836 692 974 750 utantur
990 681 1035 746 ab
1051 682 1115 746 hac
1131 679 1166 746 S.
1182 681 1272 746 Sede
1298 699 1449 776 aliquam-

159 789 368 874 approbatis,
392 798 426 853 et
450 787 751 854 confraternitates
777 786 911 870 proprie
937 786 1054 860 dictas,
1085 786 1273 850 dummodo
1298 769 1441 828 cruuntur,

159 893 323 958 canonice
339 894 407 957 siut
421 901 562 968 erectae,
578 901 611 956 et
628 891 672 956 ad
690 891 821 974 regulas
837 901 871 956 et
892 909 1028 956 normas
1043 889 1232 973 dirigantur
1252 909 1273 954 a

160 996 328 1061 Romanis
346 995 565 1061 Pontificibus
588 996 819 1078 praescriptas,
839 994 1040 1060 nominatim
1060 1014 1081 1057 a
1097 993 1273 1058 Clemente
1298 1038 1449 1095 quaeram„

157 1100 254 1164 VIII
271 1101 304 1163 in
322 1099 573 1166 Constitutione
588 1097 821 1182 Quaecumque,
833 1100 887 1164 die
899 1113 955 1164 vt1
973 1098 1173 1164 Decembris
1183 1117 1273 1162 anno
1294 1097 1339 1160 jus
1350 1098 1441 1176 amu-⁴

159 1217 291 1270 MDCIV.
308 1204 385 1268 Hae
402 1224 482 1268 vero
498 1202 800 1269 Confraternitates
816 1223 855 1267 ac
882 1203 1059 1287 religiosae
1078 1201 1271 1286 Congrega·
1299 1162 1449 1277 illelmi.

158 1309 280 1386 tiones,
295 1327 380 1392 quae
396 1306 538 1372 sortasse
553 1305 783 1372 adscribendis
799 1307 933 1372 familiis
949 1327 1086 1391 operam
1109 1305 1273 1372 hactenus
1298 1292 1380 1341 tendi.

159 1412 336 1489 dederunt,
345 1411 379 1475 in
396 1421 568 1494 posterum
582 1411 626 1476 ab
639 1411 831 1476 huiusmodi
848 1432 936 1490 cura,
953 1432 1040 1495 quae
1056 1411 1273 1476 solummodo

160 1515 322 1580 Parochis
346 1515 527 1580 commissa
550 1524 611 1593 est,
638 1535 773 1599 prorsus
799 1516 1004 1582 abstineant.
1021 1515 1125 1580 Haud
1156 1524 1271 1581 tamen
1322 1558 1449 1608 Familiae

159 1629 358 1684 necesseest
374 1629 412 1684 ut
429 1619 576 1684 familiae
596 1620 664 1685 iarn
686 1620 785 1685 alicui
801 1619 1056 1686 Consociationi
1073 1619 1274 1702 adscrIptae‚
1299 1632 1374 1702 anua
1407 1623 1450 1702 qd.

157 1741 222 1804 pro
237 1721 455 1805 indulgentiis
471 1723 612 1806 aliisque
629 1723 823 1787 muneribus
835 1720 1065 1805 spiritualibus
1080 1719 1273 1786 obtinendis
1298 1697 1450 1818 ῗζὲἕζῇἷξ

157 1825 281 1889 iterum
308 1826 550 1904 adscribantur,
577 1826 764 1891 dummodo
786 1833 920 1890 servent
939 1844 980 1889 ea
1003 1843 1089 1906 quae
1114 1823 1150 1887 in
1178 1823 1273 1888 novis
1291 1820 1429 1934 sffljn

156 1929 252 1994 hisce
278 1927 425 1995 Statutis
452 1931 655 2013 praescripta
680 1939 766 1994 sunt.
797 1927 1069 1996 Consociationis
1099 1927 1272 1991 universae
1299 1901 1450 2000 mmsss'laru.

161 2032 355 2098 Praesidem
383 2033 547 2114 eligimus,
577 2033 810 2097 renuntiamus
836 2032 999 2096 Nostrum
1032 2031 1065 2094 in
1092 2027 1156 2092 hac
1183 2028 1272 2093 alma
1298 2022 1450 2130 {walp

160 2135 257 2203 Urbe
280 2135 454 2201 Vicarium
484 2136 518 2200 in
545 2136 775 2220 spiritualibus
805 2134 997 2220 generalem
1030 2153 1091 2217 pro
1111 2142 1273 2216 tempore,
1297 2147 1354 2195 onis
1370 2147 1448 2196 Prae-

156 2250 261 2323 atque
277 2241 310 2304 in
327 2251 526 2324 perpetuum
541 2241 724 2305 Patronum
740 2242 861 2304 damus
877 2257 953 2304 cum
970 2237 1127 2304 omnibus
1145 2235 1272 2301 Iuribus
1297 2219 1429 2326 {mu

154 2353 189 2410 et
202 2343 430 2423 facultatibus,
444 2365 530 2429 quae
540 2364 708 2410 summam
721 2353 925 2428 potestatem
942 2342 1072 2428 gerenti
1083 2341 1272 2406 iudicentur
1296 2341 1369 2418 viret
1387 2357 1449 2393 ‘0²¹-

316 2449 323 2462 .
1297 2409 1387 2457 sticum
1405 2423 1451 2458 as·-

155 2466 376 2512 uecessarrae.
1296 2474 1425 2536 regnatur.

201 2549 255 2612 Illi
272 2559 386 2614 autem
403 2547 589 2615 Consilium
615 2551 734 2616 adesse
757 2551 913 2616 volumus
932 2537 1150 2618 Urbanorum
1171 2551 1270 2616 Anti·

152 2655 285 2732 stitum,
296 2655 329 2718 in
341 2654 463 2738 quibus
474 2653 680 2720 Secretarius
691 2676 752 2738 pro
767 2665 919 2740 tempore
930 2655 1079 2721 Nostrae
1091 2655 1269 2722 Sacrorum

152 2759 297 2824 Rituum
312 2758 601 2842 Congregationis.
615 2791 660 2804 -
676 2757 778 2841 Quod
790 2769 951 2843 superest,
966 2759 1075 2825 Nobis
1091 2779 1168 2844 spes
1180 2758 1271 2824 bona

150 2871 344 2940 estomnes,
359 2861 480 2946 quibus
496 2871 547 2926 est
559 2861 749 2926 animarum
765 2862 892 2927 credita
902 2863 1002 2939 salus,
1021 2863 1172 2929 maxime
1188 2863 1268 2946 Epi-
1324 2836 1449 2886 Sim*

151 2986 287 3050 scopos,
302 2965 404 3030 studii
421 2966 519 3030 hulus
531 2964 648 3030 Nostri
672 2963 706 3028 in
722 2965 785 3029 hac
802 2967 858 3048 pia
875 2965 1135 3032 consociatione
1151 2983 1268 3050 prove·
1294 2917 1447 3017 {iiim

149 3071 269 3137 henda
284 3071 391 3135 socios
407 3089 445 3134 ac
462 3069 642 3152 participes
658 3089 731 3133 sese
755 3068 909 3135 lecturos.
929 3069 997 3153 Qui
1023 3071 1112 3134 enim
1143 3090 1267 3154 cogno·
1290 3039 1446 3148 muri·

149 3182 254 3240 scunt
269 3182 302 3236 et
315 3171 501 3236 Nobiscum
513 3171 689 3254 deplorant
700 3171 957 3238 christianorum
969 3193 1100 3237 morum
1113 3175 1266 3239 demuta·
1292 3169 1428 3278 wrm·

149 3278 283 3344 tionem
300 3286 333 3340 et
348 3274 585 3359 corruptelam,
600 3277 796 3341 restinctum
820 3277 854 3341 ln
874 3275 1010 3339 familiis
1035 3277 1206 3358 religionis
1232 3284 1267 3340 et
1293 3245 1318 3277 m
1376 3244 1389 3278 a

147 3380 291 3466 pictatis
317 3399 477 3459 amorem,
496 3389 530 3444 et
557 3399 714 3446 accensas
735 3383 995 3463 supramodum
1023 3401 1133 3446 rerum
1165 3391 1265 3448 terre·

147 3485 274 3550 strIum
300 3484 511 3566 cupiditates,
526 3483 590 3568 ipsi
611 3485 748 3568 quidem
775 3487 826 3548 vel
853 3486 1003 3550 maxime
1029 3486 1198 3570 optabunt
1213 3494 1265 3551 tot

148 3588 327 3670 tantisque
344 3587 440 3651 malis
455 3598 649 3671 opportuna
665 3586 775 3652 afferri
791 3588 949 3657 remedia.

201 3693 247 3758 Et
273 3692 439 3776 siquidem
471 3692 553 3757 nibil
581 3693 689 3776 magis
714 3691 860 3757 salutare
891 3703 949 3759 aut
980 3693 1104 3758 efficax
1130 3693 1266 3759 familiis

147 3797 343 3864 christianis
368 3797 508 3880 cogitari
531 3805 643 3880 potest
665 3796 825 3878 exemplo
849 3795 973 3862 Sacrae
991 3796 1164 3875 Familiae,
1178 3816 1265 3880 quae
1289 3797 1443 3870 praesertim

149 3901 392 3989 perlectionem
410 3901 725 3983 absolutionemque
741 3900 977 3983 complectitur
993 3900 1145 3966 omnium
1161 3901 1264 3965 virtu·
1290 3866 1419 3986 illlis?

149 4015 227 4072 tum
251 4003 524 4071 domesticarum.
541 4003 757 4088 Quapropter
772 4013 890 4068 curent
917 4012 954 4068 ut
977 4003 1125 4068 familiae
1147 4022 1264 4087 quam·

148 4108 328 4194 plurimae,
343 4109 539 4191 praesertim
568 4108 806 4190 operarIorum,
821 4108 854 4172 in
878 4127 963 4191 quas
990 4107 1187 4171 insidIarunr
1214 4105 1264 4171 vis
1288 4116 1441 4166 crineum
1513 4111 1515 4116 '

148 4211 262 4278 maior
277 4211 468 4290 intenditur,
484 4211 560 4296 piae
575 4209 652 4275 huic
670 4210 921 4277 Consociationi
942 4211 1026 4275 dent
1049 4229 1183 4277 nornen.
1200 4209 1264 4276 Ca·
1289 4197 1411 4296 :22:302

148 4315 303 4380 sendum
319 4323 433 4379 tamen
449 4323 500 4380 est
516 4334 558 4380 ne
573 4315 779 4400 aproposito
796 4335 857 4380 suo
871 4313 1264 4394 Consociatiodeflectat,
1288 4315 1391 4379 spiriru.
