3250 4888
397 260 464 332 118
528 281 712 334 EPISTOLA
741 267 761 298 “
781 279 1104 332 EXPECTATIONEM
1124 279 1331 330 DESIDERII.
1354 257 1372 284 n

392 442 446 496 tus
462 443 495 496 et
512 433 601 496 nitor
613 432 831 496 barbarorum
848 430 972 496 feritati
995 431 1172 495 antecellit.
1191 430 1360 514 Equidem
1378 431 1411 496 iu
1434 430 1498 494 hoc

391 554 492 599 caeco
509 535 631 599 irarum
649 537 777 618 impetu
794 536 950 598 miseram
966 535 1148 618 quamdam
1159 534 1331 598 vesaniam
1349 533 1497 616 agnosci·

393 659 466 702 mus
489 659 528 703 ac
544 638 772 715 deflemus,ex
797 659 863 722 qua
884 639 1088 721 repetendae
1103 647 1182 702 sunt
1205 638 1403 703 vexationes
1418 640 1499 702 assi·

390 745 486 822 duae,
501 745 623 826 quibus
639 741 874 808 conflictantur
890 741 1057 807 catholiea
1081 741 1199 825 religio
1226 743 1364 826 eiusque
1392 742 1497 806 admi·

391 847 495 923 nistri,
511 846 666 930 publicus
684 845 748 912 Dei
765 846 874 910 cultus
891 846 1014 930 etipsa
1037 845 1240 910 christianae
1266 845 1357 910 vitae
1382 844 1499 909 lunda·

392 961 514 1030 menta,
529 972 616 1036 quae
626 953 749 1034 pariter
759 971 856 1015 verae
866 951 1086 1016 humanitatis
1096 951 1269 1016 scatebrae
1284 960 1319 1015 et
1334 950 1500 1036 praesidia

391 1067 469 1120 sunt
484 1077 492 1135 ;
507 1056 642 1120 tametsi
659 1055 751 1120 nulla
767 1064 902 1138 praesto
918 1055 962 1120 sit
978 1055 1086 1120 solida
1098 1055 1194 1133 ratio,
1210 1075 1338 1139 quaeve
1355 1055 1500 1138 speciem

391 1161 516 1226 habeat
531 1161 639 1224 iustae
655 1179 793 1224 caussae
814 1169 885 1224 tam
901 1159 973 1224 dire
997 1159 1167 1224 saeviendi
1194 1160 1228 1224 iu
1254 1179 1311 1224 eas
1338 1179 1399 1238 res,
1415 1179 1501 1243 quae

391 1283 506 1328 sacrae
521 1263 688 1329 habentur
704 1283 749 1328 ex
771 1262 915 1346 publicis
931 1263 1033 1328 etiam
1051 1262 1225 1340 institutis,
1240 1281 1364 1347 eosque
1392 1263 1499 1328 homi·

329 1444 333 1454 ι
392 1386 451 1430 nes
467 1387 551 1450 quos
564 1385 672 1450 aequo
689 1367 808 1430 saltem
825 1367 951 1430 censeri
962 1375 1095 1450 oportet
1108 1385 1184 1432 curn
1203 1369 1321 1432 ceteris
1332 1367 1413 1432 iure.

275 1517 314 1566 Ab
326 1517 366 1565 in·
436 1471 665 1536 Nihilominus
682 1472 716 1534 in
732 1471 795 1535 hac
811 1471 957 1554 procella
981 1491 1069 1554 quae
1084 1470 1163 1536 l'urit
1194 1473 1237 1536 ad
1268 1471 1497 1538 amoliendum

170 1608 172 1620 ·
253 1589 317 1646 cepto
328 1587 366 1631 ta·
392 1595 477 1658 opus
494 1577 789 1640 salutareaNobis
802 1584 995 1657 susceptum
1009 1575 1158 1659 aliisque,
1170 1596 1254 1660 quos
1268 1577 1376 1640 socios
1392 1562 1499 1641 Nobis

249 1663 368 1762 Ἢῖᾗ
392 1677 549 1743 adiunxit
576 1680 726 1744 studium
743 1699 803 1761 par
828 1677 959 1744 caritati
975 1697 1041 1762 qua
1072 1679 1268 1761 religionem
1297 1690 1331 1743 et
1354 1681 1498 1762 patriam

237 1777 369 1893 Gffljffi
392 1779 547 1863 diligunt,
567 1780 685 1845 sedulo
701 1782 886 1845 curandum
903 1789 955 1846 est
983 1801 1025 1844 ue
1048 1779 1222 1846 Gallorum
1249 1780 1399 1846 fidelium
1417 1783 1501 1846 vires

216 1924 247 1957 ne
268 1909 368 1958 malus
393 1883 562 1966 animique
577 1883 744 1962 deficiant,
754 1885 1040 1968 quemadmodum
1054 1894 1088 1953 et
1101 1885 1209 1949 Nobis
1225 1886 1412 1949 curandum
1430 1905 1501 1950 esse

239 1974 365 2040 duim»
392 1987 554 2052 sentimus
571 2009 613 2050 ne
630 1998 798 2070 torpescat
809 1988 1010 2066 sollicitudo,
1020 2008 1121 2072 quam
1133 1990 1175 2052 de
1192 1999 1302 2054 vestra
1319 1989 1430 2054 salute
1444 2009 1500 2073 ge·

393 2091 505 2168 rimus,
517 2111 600 2156 neve
613 2091 721 2156 Nobis
739 2093 770 2156 in
789 2113 823 2156 re
839 2102 909 2156 tam
926 2093 1112 2158 necessaria
1131 2091 1322 2156 constantia
1333 2093 1499 2175 propositi
1600 2141 1601 2148 ,

391 2203 505 2272 tenax,
515 2216 616 2278 quam
634 2197 679 2260 rei
697 2206 815 2260 natura
844 2196 1003 2280 postulat,
1012 2197 1166 2260 videatur
1178 2195 1385 2260 defuisse-
1404 2195 1501 2263 Cete-

391 2320 464 2364 rum
482 2319 548 2364 non
562 2322 629 2366 uua
644 2304 794 2384 suppetit
810 2321 928 2366 caussa
948 2321 993 2365 ex
1010 2320 1075 2383 qua
1104 2299 1243 2366 recreari
1260 2319 1321 2384 par
1336 2311 1388 2366 est
1412 2321 1501 2366 moe·

391 2412 502 2468 rentes
529 2406 658 2472 animos
689 2405 948 2490 confirmarique
975 2416 1012 2471 ut
1037 2415 1172 2470 strenue
1188 2414 1337 2488 perstent
1352 2407 1386 2470 in
1406 2407 1502 2472 bonis

247 2525 366 2602 <meon
392 2507 543 2590 inceptis.
570 2509 740 2592 Imprimis
767 2510 895 2575 scilicet
925 2509 1024 2576 solari
1057 2529 1118 2573 vos
1145 2507 1246 2574 debet
1280 2511 1502 2574 conscientiae

217 2596 367 2720 nitati:

334 2721 365 2782 ti.
392 2712 489 2793 pidis,
504 2723 657 2796 tempore
673 2713 808 2790 difficili,
831 2713 981 2796 religioni
1000 2723 1034 2776 et
1045 2713 1174 2796 patriae
1191 2713 1386 2778 servandae.
1406 2715 1499 2780 Haec

391 2813 486 2878 vobis
517 2816 745 2898 cogitantibus
777 2815 873 2882 facile
904 2817 1006 2882 verba
1033 2816 1204 2895 subierint,
1220 2818 1315 2900 queis
1341 2818 1500 2902 Princeps

392 2915 634 2998 Apostolorum
652 2921 843 3002 primaevos
855 2918 1027 2984 solabatur
1044 2917 1158 2984 fideles
1172 2941 1180 2998 ;
1196 2919 1235 2986 Si
1257 2919 1499 3002 benefacientes

382 3021 740 3102 patientersustinetis,
755 3022 833 3087 llaec
860 3033 910 3087 est
926 3023 1045 3107 gratia
1071 3023 1164 3107 apud
1183 3023 1301 3090 Deum.
1326 3023 1497 3108 Itemque:

392 2613 633 2692 testimonium,
651 2634 718 2698 quo
742 2615 847 2678 nostis
870 2615 942 2678 dari
960 2633 980 2678 a
996 2613 1091 2676 vobis
1114 2632 1251 2696 operam
1273 2616 1307 2678 in
1325 2613 1425 2678 rebus
1440 2625 1501 2680 tre·
1599 2667 1600 2708 ἶ

390 3123 484 3188 Haec
496 3133 544 3188 cst
569 3125 656 3189 enim
677 3127 805 3210 gratia,
819 3126 853 3190 si
873 3137 1009 3210 propter
1021 3127 1090 3191 Dei
1111 3127 1339 3192 conscientiam
1361 3128 1500 3192 sustinet
1598 3125 1599 3160 r

389 3228 465 3310 quis
479 3229 646 3308 tristitias,
654 3232 788 3313 patiens
803 3231 932 3296 iniuste.
951 3231 1133 3297 iucundior
1149 3233 1233 3296 haec
1255 3231 1312 3296 fiet
1339 3232 1500 3315 cogitatio

229 3347 366 3426 epscopus
390 3332 417 3396 si
436 3331 556 3398 fiducia
574 3336 749 3400 accesserit
765 3337 839 3418 opis
869 3335 1013 3413 divinae,
1030 3354 1116 3420 quae
1133 3353 1317 3418 numquam
1349 3337 1497 3420 roganti·

214 3411 364 3530 droam:
390 3437 453 3500 bus
476 3439 579 3516 deest,
595 3449 628 3502 et
660 3457 735 3522 spes
763 3440 874 3502 uberis
891 3439 1027 3518 fructus,
1055 3439 1112 3522 qui
1137 3441 1324 3523 praemium
1341 3441 1404 3505 erit
1421 3461 1496 3505 con·

390 3541 534 3605 stantiae
550 3551 680 3606 vestrae
690 3555 723 3606 et
741 3543 907 3606 exantlati
924 3543 1057 3607 laboris.
1075 3542 1133 3606 Ad
1150 3543 1232 3607 haec
1251 3562 1312 3608 vos
1334 3563 1497 3608 memores

246 3855 301 3888 sam
313 3856 363 3890 non

212 3905 293 3954 aliam
315 3921 364 3956 esse

223 4051 312 4086 sonum
327 4052 361 4087 SC-

220 4105 284 4150 m„
296 4102 362 4152 Pon·
388 4061 493 4127 ctatio
524 4063 763 4142 innocentium,
779 4083 865 4147 quae
892 4063 1143 4147 uulgatissimas
1162 4063 1252 4129 tollit
1279 4063 1443 4127 libertatis
1465 4071 1497 4123 et

244 4167 362 4230 ΨΜ·
389 4165 537 4230 iustitiae
553 4167 717 4246 notiones,
741 4187 827 4251 quae
843 4167 953 4250 gentis
970 4187 1080 4232 mores
1107 4169 1275 4251 pervertit,
1291 4183 1434 4248 eamque
1460 4163 1492 4226 in
1596 4157 1597 4166 ²

212 4239 343 4285 mm
389 4279 621 4354 contemptum
652 4280 752 4337 vocat
772 4271 984 4356 ,populorum
1012 4271 1144 4336 civilem
1175 4272 1279 4336 vitam
1312 4267 1496 4354 agentium.

214 3643 364 3760 rumim:
390 3662 462 3707 esse
478 3653 621 3726 oportet,
638 3654 736 3728 parta
758 3665 832 3709 esse
862 3646 944 3709 haec
973 3645 1073 3724 mala,
1088 3665 1177 3729 quae
1192 3665 1253 3710 vos
1269 3655 1437 3728 premunt,
1452 3668 1494 3711 ex
1597 3635 1598 3656 ¹

236 3789 295 3823 rum
307 3790 363 3824 cau·
391 3754 437 3818 ira
453 3753 652 3817 tenebricosi
668 3755 842 3819 cuiusdam
870 3765 985 3819 coetus
1012 3755 1213 3820 catholicam
1243 3753 1343 3819 fidem
1370 3755 1494 3818 iamdiu

389 3856 507 3938 perosi,
524 3877 590 3922 nou
608 3878 652 3922 ex
668 3859 843 3922 voluntate
859 3877 897 3922 ac
915 3859 1038 3923 iudicio
1055 3859 1158 3924 totius
1185 3859 1423 3942 magnanimae
1440 3877 1495 3922 na·

227 3971 282 4021 nisi
292 3971 362 4021 Mas·
388 3957 490 4024 tionis
514 3969 651 4038 vestrae,
667 3961 721 4024 cui
734 3979 907 4043 nunquam
925 3961 1057 4044 probari
1075 3961 1199 4044 poterit
1216 3961 1301 4025 acris
1316 3960 1398 4024 haec
1411 3961 1496 4023 inse·
