3250 4888
164 341 168 350 ·
240 317 290 368 DE
317 315 516 368 COLLEGIIS
544 315 790 366 CLERICORUM
813 316 853 365 IN
884 317 1016 368 INDIIS.
1127 299 1195 384 167

91 465 166 526 dem
200 475 353 545 tempore
380 467 601 526 assuescitur:
620 463 666 526 ita
698 471 734 525 ut
766 483 902 526 necesse
928 463 983 541 sit,
1013 483 1198 547 europaeos
1246 512 1249 520 .
1287 491 1324 578 κῇ

93 567 239 634 Clericos
255 568 322 632 illic
339 579 375 632 ut
391 569 423 630 in
438 566 632 632 alienoloco
641 567 774 630 versari.
782 565 997 650 Quapropter
1006 587 1081 631 cum
1099 587 1199 651 aegre
1258 538 1351 654 ‘diff

95 691 129 734 se
146 671 328 736 multitudo
341 671 457 736 credat
472 669 666 752 peregrinis,
679 671 892 752 perspicuum
909 679 969 749 est,
985 669 1199 734 sacerdotum
1228 722 1286 754 mm
1298 706 1378 754 multo

17 811 18 816 κ
97 777 329 858 indigenarum
342 775 443 857 longe
460 775 605 838 futuram
633 772 887 838 fructuosiorem
911 794 1058 856 operam.
1071 771 1201 856 Explo-
1219 771 1381 848 fructuosipr

95 888 167 943 rata
198 879 287 942 enim
311 877 439 941 habent
466 878 587 954 studia,
611 877 793 962 ingenium,
824 897 933 940 mores
958 875 1069 959 gentis
1096 896 1176 940 suae
1195 899 1202 938 :
1219 838 1365 966 mam

95 991 218 1046 norunt
248 981 417 1064 loquendi,
437 991 560 1046 norunt
591 980 726 1044 tacendi
757 980 1095 1062 tempora:denique
1126 979 1305 1043 1ndiquam
1324 969 1378 1017 Eu-

94 1087 182 1148 inter
197 1086 302 1150 indos
319 1087 391 1148 sine
407 1083 475 1148 ulla
492 1083 681 1165 suspicione
698 1093 891 1147 versantur:
905 1083 996 1167 quod
1012 1083 1071 1148 vix
1082 1083 1204 1147 attinet
1229 1042 1325 1147 :lapillo

93 1191 205 1254 dicere
217 1191 335 1274 quanti
352 1191 405 1266 sit,
422 1187 572 1252 maxime
588 1189 621 1250 in
641 1189 738 1252 rebus
754 1189 904 1272 trepidis.

138 1295 272 1358 Deinde
287 1303 422 1378 oportet
437 1291 716 1368 animadvertere,
733 1293 965 1356 Missionarios
988 1313 1126 1376 peregre
1143 1294 1202 1358 ad·
1265 1327 1382 1376 Ostendit

95 1409 210 1465 vectos
227 1399 334 1464 multo
349 1399 522 1482 pauciores
547 1417 629 1474 esse,
657 1417 759 1479 quam
787 1407 824 1462 ut
840 1398 1037 1464 excolendis
1052 1400 1103 1477 iis,
1118 1419 1204 1482 quae
1230 1393 1370 1442 Sacerdores

96 1523 185 1568 nuuc
213 1513 299 1581 sunt,
326 1503 582 1566 christianorum
617 1502 917 1588 communitatibus
952 1501 1127 1570 sufficiant.
1164 1503 1204 1568 Id
1230 1467 1380 1588 ‘dlldallla

95 1605 197 1687 plane
213 1601 339 1668 eminet
355 1623 399 1666 ex
416 1601 540 1666 tabulis
558 1600 758 1664 Missionum
775 1625 781 1664 :
798 1623 842 1664 ex
859 1623 966 1686 eoque
989 1601 1207 1668 confirmatur
1231 1606 1309 1704 (ἓξὲξ,
1317 1605 1366 1704 ἵζ’

96 1703 186 1786 quod
201 1702 381 1765 Missiones
398 1702 536 1765 Indicae
552 1722 572 1763 a
588 1721 682 1765 sacro
706 1702 857 1768 Consilio
879 1703 1061 1768 christiano
1077 1707 1206 1769 nomini
1232 1671 1313 1769 labori

97 1803 318 1886 propagando
335 1801 418 1864 alios
431 1801 626 1884 atquealios
639 1801 817 1884 Evangelii
829 1823 1010 1886 praecones
1027 1803 1207 1887 implorare
1232 1787 1366 1852 ’ΨΜ

96 1901 384 1984 etflagitarenon
401 1900 567 1965 desinunt.
581 1901 739 1966 lamvero
755 1904 782 1964 si
795 1903 947 1968 culturae
963 1905 1151 1970 animorum
1165 1925 1207 1971 ne

97 2003 128 2065 in
147 2021 306 2084 praesens
325 2000 462 2082 quidem
481 2011 558 2064 sunt
583 2021 680 2084 pares
708 2003 899 2066 sacerdotes
916 2003 1057 2080 externi,
1072 2003 1154 2086 quid
1172 2005 1205 2067 in

97 2113 280 2187 posterum,
296 2114 396 2168 aucto
412 2103 669 2168 christianorum
698 2107 862 2166 numero?
889 2121 998 2186 neque
1023 2105 1112 2168 enim
1129 2125 1206 2188 spes

97 2221 150 2274 est
166 2210 236 2274 lore
253 2219 289 2273 ut
305 2228 432 2286 eorum,
447 2229 531 2291 quos
550 2207 687 2292 Europa
704 2207 818 2286 mittit,
834 2217 961 2273 crescat
977 2229 1038 2290 pro
1054 2211 1207 2292 portione

94 2312 203 2394 copia.
222 2311 329 2393 Igitur
345 2311 372 2373 si
389 2307 502 2393 placet
522 2309 684 2372 Indorum
702 2309 801 2374 saluti
818 2309 1000 2384 consulere,
1016 2329 1207 2393 nomenque

93 2415 316 2478 christianum
334 2413 367 2478 in
384 2433 480 2497 spem
497 2413 728 2477 diuturnitatis
745 2413 885 2478 fundare
909 2413 942 2475 in
967 2413 1024 2476 illa
1040 2412 1206 2478 infinitate

93 2515 283 2600 regionum,
310 2518 421 2600 legere
446 2537 490 2580 ex
522 2516 690 2598 indigenis
719 2507 804 2599 opus
832 2525 892 2593 est,
922 2516 979 2600 qui
1012 2515 1206 2581 muneribus

92 2613 281 2698 officiisque
297 2615 572 2691 sacerdotalibus,
594 2613 748 2698 diligenti
765 2616 1021 2700 praeparatione
1043 2615 1207 2702 adhibita,

93 2717 347 2800 perfungantur.

137 2823 258 2888 Tertio
285 2823 360 2887 loco
385 2823 467 2886 illud
496 2841 563 2886 non
590 2830 641 2884 est
667 2821 960 2904 praetereundum,
987 2821 1078 2902 quod
1110 2821 1206 2884 abest
1312 2867 1387 2918 Μ

93 2925 235 3008 quidem
252 2945 271 2988 a
286 2925 355 2990 veri
373 2924 592 2989 similitudine
609 2921 801 3005 plurimum,
827 2922 886 2984 sed
914 2931 1028 2984 tamen
1055 2919 1124 2985 fieri
1148 2921 1207 2986 ali·
1233 2933 1376 3010 ericmpq-v

94 3027 234 3108 quando
261 3047 361 3110 posse
386 3045 487 3090 nemo
512 3022 686 3106 negaverit
715 3045 722 3084 :
759 3020 916 3084 nimirum
948 3019 1030 3084 talia
1051 3041 1150 3103 posse
1174 3021 1207 3083 in
1233 2999 1373 3112 Zfs'cffl'

97 3125 238 3207 Europa
256 3125 382 3190 Asiave
398 3125 544 3188 incidere
570 3132 734 3204 tempora,
761 3128 798 3182 ut
823 3122 855 3184 vi
880 3141 918 3184 ac
936 3122 1137 3186 necessitate
1154 3141 1207 3183 co·
1233 3135 1362 3194 cogantur.

94 3235 221 3306 gantur
238 3225 355 3289 Indias
370 3226 551 3288 destituere
567 3221 759 3284 sacerdotes
775 3222 935 3284 advenae.
961 3219 1040 3302 Quo
1056 3219 1155 3296 t'acto,
1179 3220 1208 3283 si

94 3325 215 3390 Clerus
231 3325 390 3407 indigena
415 3323 513 3399 desit,
536 3322 593 3404 qui
619 3329 734 3403 posset
761 3319 878 3402 religio
905 3319 999 3383 salva
1015 3319 1209 3394 consistere,

94 3430 191 3494 nullo
207 3449 268 3493 nec
284 3428 484 3494 administro
510 3444 680 3490 sacrorum
709 3445 770 3488 nec
798 3424 959 3506 magistro
982 3421 1208 3506 disciplinae?

95 3527 192 3592 Satis
207 3541 323 3611 aperte
338 3529 401 3592 hac
418 3531 460 3592 de
476 3546 513 3590 re
538 3525 679 3590 historia
704 3523 852 3607 loquitur
878 3525 1083 3602 Sinensium,
1110 3523 1207 3608 Iapo-

95 3629 241 3706 niorum,
268 3627 488 3710 Aethiopum.
517 3624 653 3692 Scilicet
680 3624 756 3705 plus
783 3624 887 3688 semel
918 3625 1008 3707 apud
1041 3624 1211 3707 Iaponios‚

96 3729 191 3810 apud
209 3727 379 3804 Sinenses,
395 3724 666 3791 incumbentibus
690 3724 818 3788 nomini
841 3724 1024 3788 christiano
1040 3725 1127 3790 odiis
1143 3723 1210 3787 cla·

94 3828 274 3912 dibusque,
290 3827 426 3892 inimica
442 3827 501 3902 vis,
516 3826 643 3888 necatis
667 3823 720 3887 vel
744 3825 777 3888 in
794 3825 935 3888 exilium
953 3827 1039 3889 actis
1056 3823 1211 3888 sacerdo-

95 3929 191 3992 tibus
215 3927 375 4004 externis,
401 3924 551 4008 pepercit
577 3923 699 3988 nativis
728 3945 736 3986 ε
762 3926 820 4007 qui
851 3925 1000 4007 linguam
1034 3919 1213 4006 moresque

100 4026 233 4111 patrios
260 4026 413 4110 apprime
450 4024 551 4100 docti,
581 4034 615 4088 et
646 4023 955 4107 propinquitatibus
987 4023 1213 4107 amicitiisque

97 4127 249 4204 subnixi,
264 4147 331 4191 non
350 4127 453 4190 modo
478 4125 616 4206 impune
644 4143 778 4186 manere
802 4123 836 4188 in
862 4126 981 4208 patria,
996 4125 1054 4188 sed
1072 4143 1141 4187 rem
1161 4143 1212 4186 sa·

96 4247 191 4293 cram
209 4211 455 4304 administrare,
466 4207 505 4288 'et
521 4221 632 4289 officia
643 4242 730 4305 quae
745 4223 788 4285 ad
806 4225 971 4308 regendos
988 4225 1125 4288 animos
1140 4241 1213 4305 per·

98 4333 223 4408 tinent,
234 4329 335 4394 libere
347 4329 472 4412 exequi
482 4331 515 4392 in
529 4325 686 4392 omnibus
702 4325 880 4409 provinciis
891 4321 1213 4407 potuerunt.Contra
