3250 4888
152 1082 189 1152 ae
340 1075 637 1128 xrecsasrouuu
675 1061 831 1126 desiderii
869 1060 986 1124 Nostri
1025 1059 1163 1125 mirifice
1201 1079 1260 1125 ex·
1328 1068 1394 1156 obl.

151 1077 339 1454 U
361 1168 535 1249 pleverunt
551 1185 590 1228 ea
619 1185 707 1249 quae
733 1164 875 1247 legimus
892 1165 926 1227 in
960 1164 1080 1228 litteris
1108 1165 1184 1240 tuis,
1207 1164 1261 1229 die
1323 1167 1397 1230 189²·

212 1187 285 1346 E
359 1285 437 1334 xxv
454 1270 612 1336 Octobris
624 1270 722 1346 datis,
735 1269 777 1332 de
799 1269 839 1331 iis
851 1288 938 1350 quae
954 1288 1059 1350 nuper
1083 1279 1152 1332 ate
1165 1278 1261 1351 gesta
1324 1281 1422 1360 Gaadzjo

303 1379 340 1452 it
363 1385 450 1452 sunt,
462 1386 500 1438 ut
513 1373 701 1451 Clerus,cui
712 1393 836 1456 praees.
850 1372 972 1456 agendi
989 1373 1151 1436 rationem
1165 1393 1259 1436 suam
1289 1346 1407 1400 ''ml‘'

152 1482 197 1545 ad
222 1501 380 1557 normam
408 1481 526 1562 exigat
555 1481 843 1554 documentorum,
874 1497 961 1560 quae
979 1476 1098 1540 litteris
1126 1477 1260 1542 Nostris
1278 1411 1429 1543 {52ng-
1467 1527 1468 1530 η

154 1561 334 1667 encpclicis
356 1585 443 1647 circa
466 1594 675 1666 praesentem
692 1581 877 1648 Galliarum
901 1591 1037 1658 statum,
1048 1581 1188 1664 aliisque
1204 1604 1258 1646 eo·
1282 1543 1439 1659 mma

153 1689 232 1753 dem
249 1689 493 1770 pertinentibus
509 1686 679 1769 complexi
696 1706 820 1750 sumus.
834 1685 872 1749 ld
885 1706 964 1749 sane
976 1685 1007 1748 N
1010 1685 1084 1750 obis
1097 1707 1164 1751 non
1178 1687 1260 1767 leve,
1287 1675 1439 1791 &222⁶

153 1801 255 1875 prout
272 1791 355 1856 scite
370 1790 550 1869 coniecisti,
560 1791 716 1856 solatium
732 1790 855 1867 attulit,
865 1810 1028 1873 spemque
1044 1791 1259 1875 auxit,quam
1283 1808 1382 1870 gemine
1392 1807 1429 1855 ab·

152 1895 315 1972 fovemus,
331 1895 444 1979 ampla
468 1895 609 1960 subinde
640 1893 790 1978 praemia
814 1894 914 1958 docili
939 1895 1016 1958 huic
1046 1895 1258 1962 obedientiae
1286 1878 1410 1937 temperat.

147 2002 266 2064 datum
284 2000 323 2064 iri
339 2000 383 2064 ab
399 2009 544 2077 aetem0‚
559 2001 653 2063 cuius
665 2000 773 2064 vicem
785 1999 940 2082 gerimus,
954 1997 1125 2062 Ecclesiae
1142 1999 1258 2063 Pasto-

147 2123 190 2168 re.
204 2105 254 2184 Αἰ
270 2125 348 2169 vero
364 2105 440 2168 huic
468 2104 616 2169 laetitiae
637 2105 782 2169 Nostrae
807 2104 901 2188 quasi
932 2104 1056 2168 nubem
1073 2103 1255 2186 quamdam
1318 2105 1393 2154 0012!

186 2210 193 2224 .
231 2210 265 2226 ..
542 2209 551 2224 .
663 2209 670 2224 .
1283 2173 1428 2229 taminar-

151 2218 308 2274 trrststtae
335 2230 436 2292 quam
459 2209 551 2272 brevi
575 2209 752 2272 evanrdam
775 2207 845 2272 lore
868 2228 1049 2290 speramus,
1065 2208 1257 2273 offuderunt
1281 2235 1435 2300 positafists·

150 2332 298 2396 eaquae
322 2313 460 2378 nuncias
491 2313 675 2391 obstacula,
699 2313 790 2376 nulla
820 2315 957 2390 ratione,
984 2314 1190 2396 interposita,
1215 2303 1269 2376 ne¹
1284 2301 1437 2419 {5022ssssss

148 2426 286 2500 optatos
302 2419 435 2500 pariant
451 2416 590 2482 effectus
616 2417 755 2481 consilia
771 2438 790 2480 a
804 2417 912 2480 Nobis
928 2428 1081 2482 amanter
1111 2415 1195 2481 inita
1223 2427 1256 2481 et
1280 2385 1390 2500 pluunt

147 2542 249 2586 curae
264 2524 306 2587 ad
323 2522 466 2587 salutem
482 2523 643 2586 tuendam
656 2531 690 2586 et
705 2522 962 2604 prosperitatem
980 2519 1129 2586 Gallicae
1145 2525 1255 2606 gentis
1283 2501 1388 2566 affictus.

147 2625 301 2689 collatae.
314 2625 480 2690 Acerbius
493 2645 592 2708 porro
604 2645 650 2687 ex
666 2624 828 2689 molestiis
844 2625 1000 2708 angimur
1010 2636 1043 2688 et
1054 2625 1257 2702 vulneribus,
1302 2621 1308 2633 '
1319 2616 1437 2732 Exffl

147 2727 219 2792 sere
236 2729 387 2811 quotidie
403 2727 504 2792 illatis
528 2729 602 2792 istic
620 2727 790 2792 Ecclesiae
806 2727 881 2803 Dei,
896 2748 983 2810 quae
1001 2727 1082 2804 Nos,
1098 2739 1150 2792 sat
1173 2730 1255 2792 acri·
1283 2733 1409 2810 Ecclesipe

147 2848 200 2900 ter
215 2835 393 2900 divexatos
416 2836 518 2912 domi,
534 2837 567 2899 in
599 2845 728 2918 partem
746 2847 868 2900 vocant
884 2837 985 2899 etiam
1014 2837 1091 2899 iusti
1122 2837 1256 2916 doloris,
1283 2799 1424 2924 2⁰25}ssss

146 2959 216 3022 quo
232 2959 335 3022 penes
351 2958 410 3003 vos
435 2936 578 3003 afficitur
594 2938 818 3021 Episcopatus
843 2951 877 3002 et
901 2939 1017 3006 Clerus
1044 2939 1255 3024 populusque
1283 2930 1421 3045 Wffl‘·

144 3043 206 3126 qui
223 3044 375 3127 religioni
390 3045 499 3108 avitae
516 3044 629 3108 studet
645 3044 755 3108 adhuc
770 3044 952 3128 haeretque
964 3043 1077 3109 fidelis.
1093 3046 1254 3110 Paternae
1274 3011 1399 3137 ἴω,

148 3149 317 3232 siquidem
334 3150 482 3214 caritatis
500 3147 645 3214 Nostrae
661 3151 694 3214 in
712 3148 877 3214 Gallicam
894 3161 1030 3230 gentem
1047 3159 1255 3232 argumenta,
1279 3143 1433 3259 3ξῇἼὲ

144 3256 266 3319 iterum
280 3254 468 3339 iterumque
479 3275 499 3320 a
510 3254 618 3319 Nobis
631 3256 732 3334 edita,
748 3257 963 3338 studiumque
980 3255 1169 3336 impensum
1186 3275 1254 3337 quo
1283 3261 1337 3309 vire
1348 3259 1378 3307 in

144 3357 255 3421 adnisi
272 3376 388 3421 sumus
410 3371 566 3441 pacatam
592 3357 683 3422 illam
702 3368 879 3441 praestare,
893 3359 1049 3422 cordatos
1077 3359 1163 3420 inter
1179 3379 1254 3439 pro·
1282 3326 1420 3441 qima

144 3461 275 3544 bosque
294 3463 382 3526 cives
399 3453 516 3527 omnes
532 3463 712 3527 conciliata
738 3461 926 3539 concordia,
942 3459 1024 3524 haec
1048 3481 1129 3525 sane
1145 3463 1254 3544 magis

146 3567 321 3650 magisque
338 3569 467 3632 acuisse
483 3571 639 3634 videntur
656 3570 721 3633 iras
740 3569 894 3633 factionis
908 3567 1080 3632 Ecclesiae
1095 3569 1255 3644 infensae,

144 3689 233 3753 quae
244 3670 306 3734 sibi
324 3672 381 3735 uni
398 3672 448 3736 ius
459 3691 530 3736 esse
550 3681 622 3737 rata
637 3673 670 3735 in
689 3692 758 3737 rem
776 3671 956 3755 publicam,
971 3691 1120 3734 summas
1136 3670 1252 3734 civita-

144 3773 190 3837 tis
206 3773 351 3838 rationes
362 3777 466 3839 veteri
483 3775 662 3858 posthabet
678 3777 822 3842 invidiae
847 3795 938 3852 suae,
956 3784 1155 3858 praeterque
1183 3793 1254 3838 mo·

137 3875 226 3938 dum
244 3877 361 3942 minax
377 3898 416 3942 ac
433 3879 569 3958 violens,
586 3879 668 3942 nihil
696 3880 790 3962 pensi
812 3879 986 3962 sanctique
1016 3877 1128 3954 habet,
1145 3896 1253 3959 neque

143 3990 276 4042 veretur
292 3979 325 4043 in
343 4000 501 4064 praeceps
518 4001 617 4064 agere
647 3981 876 4065 praenobilem
906 3981 1049 4063 patriam
1078 3999 1183 4056 suam,
1199 3978 1251 4041 cui

144 4101 266 4148 munus
285 4083 348 4147 hoc
364 4085 503 4150 dederat
515 4087 638 4150 summi
652 4085 862 4168 providentia
879 4083 944 4148 Dei
960 4094 997 4148 ut
1008 4083 1123 4148 Crucis
1143 4081 1253 4144 victri-

143 4187 192 4251 cis
215 4188 349 4270 signum
389 4189 624 4272 praeseferens,
648 4189 766 4254 ceteris
794 4189 937 4273 praeiret
964 4188 1121 4270 gentibus
1149 4205 1252 4250 sanae

142 4292 318 4357 doctrinae
333 4293 446 4357 studio
462 4303 495 4358 et
511 4293 716 4377 optimarum
730 4295 861 4371 artium,
876 4313 935 4375 per
949 4311 1035 4376 quae
1051 4289 1155 4355 civilis
1184 4289 1252 4352 cul-
